2886 4646
425 287 661 360 nostrone.
685 291 883 364 multone.
930 349 932 358 .
1167 311 1209 366 tn

149 495 184 565 Τ.
207 494 277 582 11.)
317 485 520 558 Ammianum
537 491 800 562 neren.·xv11.
823 517 894 586 psg.
918 499 974 563 99.
999 491 1205 583 (nmen.)

143 620 179 674 et
195 601 304 676 xnss.
320 623 391 692 cup.
404 607 458 673 15.
474 627 545 694 pag.
558 609 634 674 250.
667 607 859 674 Macrobium
871 605 1008 677 Solum.
1024 611 1051 680 l.
1067 629 1138 698 cap.
1150 611 1206 677 21.

144 719 229 787 ned.
288 715 454 806 Abeneph.
485 717 583 787 areb.
616 718 699 810 apud
731 719 917 786 Kircherum
948 718 1035 790 onst.
1061 720 1206 812 Pamph.

138 849 214 918 pap.
238 831 320 897 124.
339 849 408 918 cup.
431 832 484 898 11.
505 851 638 920 quorum
654 831 793 898 locorum
809 832 975 898 maximam
992 845 1110 922 pestem
1128 835 1207 902 cita-

138 939 183 1008 vit
210 937 268 1009 cl.
288 939 443 1028 Seymrets
462 941 496 1008 in
515 941 652 1012 nudie.
672 943 830 1036 nterogl.
851 967 922 1035 pag.
945 947 998 1012 12.
1022 957 1095 1010 note
1113 950 1168 1016 36.

194 1053 368 1138 Praetereo
395 1053 455 1148 ¹hic
479 1055 678 1122 memorande
706 1079 830 1148 quoque
859 1071 929 1125 sunt
956 1055 1146 1124 Artemidori
1174 1071 1207 1126 at

137 1165 312 1233 Achmetis
338 1165 601 1247 Osm'rocriticm
619 1191 698 1259 quae
720 1169 845 1238 toruos
865 1169 1013 1238 nonnulle
1035 1168 1205 1248 continent,

138 1277 264 1369 quibus
293 1277 597 1370 hieroglyphicorum
627 1281 790 1372 explicatio
817 1282 998 1372 edjusetur3
1040 1281 1097 1350 ubi
1125 1282 1208 1348 enim

134 1391 269 1458 mmnia
291 1391 534 1482 interpretantur
551 1391 781 1474 0neirocritee,
805 1395 980 1484 saepissime
1004 1393 1209 1484 significatio-

139 1523 194 1569 nes
214 1503 407 1592 symbolicas
423 1505 462 1571 iis
482 1505 643 1586 tribuunt,
665 1519 699 1572 ct
716 1508 780 1574 reri
799 1507 898 1574 simile
916 1519 982 1588 est,
1007 1507 1131 1596 mando
1147 1505 1208 1574 ad·

142 1614 230 1682 ditur
254 1617 505 1707 interpretationi
522 1619 590 1686 κατ’
606 1623 812 1700 Αἰγυπτίους,
830 1620 904 1686 talea
918 1620 1135 1711 explicationes
1154 1618 1208 1687 de·

144 1741 266 1796 nimus
288 1729 383 1796 inisse
406 1729 446 1794 sb
470 1729 773 1820 hieroglyphioorum
793 1731 997 1822 quorumdam
1018 1732 1210 1822 symbolico-

143 1861 215 1906 ·xnm
233 1841 536 1932 significationibnm
563 1860 656 1932 quern
676 1845 718 1910 ob
736 1865 803 1910 rem
820 1845 953 1935 possim,
978 1846 1033 1912 ubi
1050 1845 1209 1938 liorepol·

148 1953 214 2021 linis
242 1952 536 2044 hieroglyphioum,
560 1977 632 2022 cum
651 1955 904 2048 interpretatione
923 1959 1058 2049 quedem
1076 1960 1210 2044 so'mnii,

146 2065 229 2157 opud
248 2065 487 2134 Artemidorum
504 2068 552 2134 rel
571 2067 754 2136 Achmetem
773 2083 891 2139 emate
910 2072 1135 2154 conveniebat,
1155 2072 1217 2142 nnt'

145 2181 257 2264 etism,
275 2179 402 2270 mendo
420 2179 571 2246 dirersxm
590 2180 717 2270 quidem
735 2184 880 2251 alteruter
902 2183 1027 2267 horum,
1046 2199 1078 2252 nt
1092 2187 1211 2276 proba·-

144 2291 246 2360 bilem
274 2279 382 2359 tainen
409 2293 643 2383 explicationem
671 2295 858 2379 exhibebat,
881 2297 951 2364 loco
974 2321 1028 2365 suo
1053 2297 1210 2369 adnotari.

145 2405 298 2474 tuamen
326 2403 570 2488 nondiffiteor,
597 2427 649 2473 me
678 2409 711 2473 in
738 2409 931 2500 perlegendis
959 2410 1151 2478 Artemidori
1178 2425 1212 2478 et

149 2517 312 2586 deberetis
334 2517 424 2584 libris
445 2518 487 2584 ab
509 2521 754 2610 exspectatione,
779 2545 872 2612 quem
891 2522 932 2587 de
950 2545 1058 2588 eorum
1075 2523 1215 2588 utilitate

152 2630 192 2695 ed
204 2630 514 2723 hieroglyphioorum
532 2633 766 2722 explicationem
785 2652 992 2720 susceperam,
1007 2633 1142 2696 multum
1158 2629 1215 2696 dc-

153 2741 278 2814 cidisse:
311 2765 386 2810 ream
415 2743 442 2810 si
470 2742 545 2810 duas
571 2745 620 2810 vel
649 2755 711 2825 tres
740 2741 1030 2834 interpretationes,
1054 2742 1214 2809 droconis

151 2856 320 2947 (Artemid.
339 2856 383 2925 11.
404 2859 456 2925 ln.
477 2855 590 2925 Aelim
611 2861 688 2925 283.
706 2855 813 2926 adnot.
831 2869 928 2924 nostr.
950 2879 1021 2947 pag.
1041 2855 1137 2945 123),
1156 2879 1213 2946 oy-

146 2973 324 3064 nonepltale'
348 2969 515 3058 (Artemid.
541 2969 586 3037 11.
613 2972 676 3049 12,
700 2969 756 3036 nbi
783 2968 823 3034 sd
846 2970 974 3036 Lucum
996 2969 1130 3038 refertur
1151 2969 1214 3062 boc

147 3085 276 3152 minaei.
288 3083 331 3152 01.
343 3081 521 3150 edmnostr.
532 3092 603 3172 pag.
617 3082 720 3168 len),
731 3096 762 3150 et
778 3083 903 3150 fortusse
918 3085 1214 3175 quoqneorccodtla'

149 3195 323 3286 (numid.
344 3197 406 3264 Ill.
428 3199 480 3264 11.
505 3194 610 3264 ednnt.
629 3209 725 3265 nostr.
750 3219 821 3286 pag.
842 3196 932 3285 296.)
957 3199 1110 3288 excipies,
1134 3197 1213 3263 reli—
1308 3221 1312 3228 ·

149 3283 230 3402 unae
243 3307 434 3376 conveniunt
451 3321 571 3376 tontum
585 3331 656 3375 cum
675 3308 713 3374 iis
729 3309 936 3400 dlorepollinis
951 3306 1211 3399 hieroglyphicis,

147 3445 230 3515 qnae
258 3422 456 3494 continentur
478 3436 567 3512 perte
588 3422 630 3500 eb
654 3421 715 3488 boc
738 3422 785 3488 rel
806 3446 824 3487 a
846 3422 993 3513 Philippo
1011 3443 1051 3488 ax
1065 3417 1213 3484 historiae

146 3536 301 3604 naturalis
316 3535 516 3626 scriptoribus
529 3535 632 3624 potius
639 3583 650 3616 ,
666 3555 759 3624 quem
773 3557 809 3600 ex
822 3555 894 3600 rere
908 3530 1213 3623 hiemplyphioorum

150 3648 292 3716 doctrine
318 3649 509 3739 conscripta,
533 3648 581 3713 vel
605 3670 685 3740 quse
705 3648 911 3715 monumentis
934 3645 1072 3711 nondum
1095 3645 1213 3714 condr-

151 3775 301 3842 msntur,
324 3781 425 3850 neque
448 3761 538 3826 facilc
567 3773 663 3851 puto,
694 3759 975 3838 confirmabuntur3
1003 3779 1144 3850 queeqne
1172 3761 1213 3828 ub

152 3873 357 3942 Oneirocritis
389 3895 424 3939 ex
453 3872 602 3940 similibus
634 3873 770 3940 lontibus
799 3872 924 3938 sonasse
952 3871 1098 3940 collectae
1131 3885 1212 3946 sant.

157 3985 205 4053 td
221 3987 279 4054 luas
296 3979 405 4052 referri
422 4005 508 4077 posse
525 3986 668 4055 ridentur
685 3985 902 4077 explicationes
926 4005 1008 4076 quse
1024 3999 1209 4076 sequuntttrs
