2858 4628
708 317 756 392 30

218 535 339 618 temne
360 528 517 597 Senitieae
536 529 703 598 mousom
729 549 788 596 nec
817 549 878 596 oon
903 530 936 594 ia
956 527 1055 594 vnis
1082 547 1101 592 ι
1123 527 1246 594 tinacia

219 639 398 706 eSemitica
417 639 447 704 in
472 657 558 704 suam
576 641 706 722 receptis
728 641 856 724 linguam
879 639 1021 714 litteren
1043 643 1142 720 pere
1167 645 1198 700 et
1218 663 1245 712 n

218 775 274 840 per
294 779 316 824 r
337 755 452 820 reddita
473 755 641 837 reperiatur
661 763 693 818 et
709 775 787 838 quae
807 756 838 820 io
859 754 1042 836 paucissimis
1060 753 1124 816 aliis
1146 753 1246 816 uerbis

218 867 276 932 atis
297 870 474 942 occurrant,
504 881 570 928 cuna
589 881 700 928 ouusoe
723 865 869 948 ejusmodi
891 864 1098 946 exceptionum
1119 861 1247 924 idoneae

218 981 412 1053 succurrant,
440 973 517 1038 hanc
544 973 679 1060 reguiam
700 992 718 1036 a
739 973 915 1038 doctissimis
937 973 1066 1056 agnitum
1090 972 1197 1036 toliere
1216 977 1247 1033 et

218 1083 255 1148 nti
276 1085 453 1148 sententiam
468 1089 600 1146 nostram
618 1083 833 1148 retractandam
851 1102 906 1148 nos
917 1100 1109 1146 commouere
1126 1081 1245 1144 omnino

219 1193 424 1274 nonpossint

302 1297 388 1372 Ouod
410 1299 435 1362 si
457 1299 622 1362 rationibus
644 1305 733 1380 etque
763 1300 946 1382 argumentis
970 1305 1041 1380 puto
1071 1295 1147 1360 hauri
1170 1313 1247 1358 con-

220 1407 395 1486 temnendis,
417 1425 445 1472 u.
466 1405 639 1486 βαὶτυλις
661 1425 728 1472 cum
750 1427 779 1471 u.
801 1405 947 1504 bap-nep·
982 1425 1042 1470 non
1073 1406 1246 1484 cohaerere,

220 1525 376 1610 prunetum
397 1531 461 1605 est,
489 1525 588 1590 omniu
617 1543 756 1606 quoque,
786 1542 865 1606 quoe
893 1523 942 1586 iila
971 1524 1113 1606 opinione
1133 1523 1247 1603 impro-

220 1633 318 1700 banda
337 1634 483 1714 nitantur,
512 1641 684 1700 evertantur
715 1649 844 1697 occasum
872 1639 935 1710 est,
963 1639 996 1696 ut
1018 1633 1081 1714 jum
1111 1649 1177 1694 sam
1207 1630 1247 1692 nir

220 1761 340 1806 oausam
369 1759 388 1805 e
415 1743 489 1805 iocis
519 1743 594 1805 Gen.
622 1741 674 1821 28,
696 1735 734 1804 to
755 1759 799 1822 sq.
838 1738 890 1820 35,
913 1741 952 1803 it
972 1759 1039 1824 sup,
1060 1741 1246 1824 baetyiorurn

220 1851 329 1914 coitum
353 1849 389 1912 ed
410 1849 554 1914 iacobum
574 1851 768 1934 patriercham
788 1849 978 1916 referendum
1005 1869 1091 1929 esso,
1121 1851 1245 1914 conciu-

221 1959 294 2024 dere
316 1959 435 2022 minime
459 1960 556 2022 liceat.

302 2067 424 2128 Etiamsi
444 2083 501 2130 nos
522 2067 578 2129 hac
595 2069 750 2150 utriusque
766 2070 932 2150 argumenti
948 2069 1135 2150 expositione
1148 2067 1248 2130 oficio

221 2181 336 2254 nostro,
358 2182 497 2258 qnantum
519 2176 556 2240 od
573 2175 650 2239 iliam
674 2177 877 2258 quaestionem
899 2183 1023 2260 spectet,
1046 2177 1247 2242 satisfecisse

224 2283 446 2364 aestimaveris,
475 2291 572 2350 tamen
601 2303 662 2348 noo
692 2287 729 2350 ub
753 2305 786 2348 re
808 2303 878 2350 esse
895 2287 1061 2364 concedes,
1091 2295 1248 2370 postquem

221 2396 309 2462 nobis
324 2412 498 2477 persuasum
513 2400 569 2472 est,
591 2413 619 2456 v.
630 2391 801 2468 βαὶτυλος
817 2414 834 2458 ι
853 2393 998 2492 *ης-ηιξ
1008 2397 1159 2478 ¹originem
1175 2415 1247 2460 non

222 2511 357 2591 irahere,
386 2512 445 2594 jam
465 2527 629 2591 quaerere,
658 2507 755 2572 unde
776 2509 888 2588 trahat,
920 2527 1009 2592 quum
1039 2509 1097 2572 hoc
1128 2514 1248 2596 cognito

223 2621 311 2686 etiam
333 2621 455 2699 melius,
482 2627 562 2698 tum,
589 2637 676 2702 quarn
705 2619 853 2682 sententio
881 2627 983 2684 nostra
1011 2639 1117 2686 omnes
1145 2621 1250 2686 tatem

221 2747 363 2800 numorm
382 2728 534 2806 ueritatis,
554 2734 636 2806 tuns,
656 2726 726 2807 qnid
748 2726 858 2790 fuerint
885 2728 1013 2811 baetyii,
1044 2731 1137 2794 simus
1158 2731 1248 2793 intei-

222 2840 336 2902 lectori
378 2837 482 2918 itrqne
502 2838 723 2920 interrogemus

336 2945 439 3008 unda
460 2945 672 3022 βαὶτυλος
696 2963 835 3009 nomen
857 2947 994 3029 gerat?
1091 2959 1097 2964 ·

304 3053 435 3128 Quantas
466 3053 653 3120 difficultates
685 3053 760 3118 hoec
788 3055 924 3138 quaestio
948 3056 1018 3120 viris
1042 3055 1138 3120 doctis
1159 3077 1246 3140 para·

222 3161 313 3242 verit,
342 3163 402 3244 jum
424 3164 495 3226 satis
517 3183 557 3228 ex
578 3181 615 3228 eo
637 3165 752 3243 elucet,
781 3164 861 3247 quod
883 3164 987 3230 iniciis
1007 3166 1056 3230 iiia
1077 3169 1246 3250 conjectura

222 3279 380 3356 tantopere
399 3277 521 3352 acceptu
542 3270 580 3334 od
603 3271 678 3334 hane
699 3289 796 3354 nsque
817 3274 894 3338 diem
916 3273 1135 3359 habentur-⁴⁸).
1164 3275 1247 3339 Adeo

222 3384 272 3466 qui
296 3381 495 3466 etymologica
518 3399 624 3464 onogua
647 3379 802 3460 eriiderunt
824 3382 878 3445 hac
898 3383 927 3444 in
951 3401 1041 3466 consu
1060 3383 1165 3467 inopes
1180 3403 1246 3448 esso

222 3492 336 3556 consilii
373 3487 588 3574 videntur⁴⁰).
656 3489 705 3554 Sic
741 3489 989 3572 Gaisiordus,
1027 3501 1117 3578 etym.
1150 3512 1247 3577 magn.

289 3671 337 3732 48)
357 3671 470 3724 Erech
490 3672 543 3724 ιιιιιΙ
572 3671 730 3734 Gerrhos,
748 3672 815 3742 alig.
836 3671 983 3742 Encpciop.
1009 3674 1028 3730 1.
1056 3691 1095 3730 c:
1124 3676 1248 3728 utact-

223 3755 233 3806 t
239 3755 250 3806 i
256 3756 333 3806 ιΙιιι
354 3757 388 3806 W
397 3758 469 3808 eise
480 3759 574 3826 finden
587 3759 646 3810 aicit
662 3760 868 3828 Arrdsatungerr.
886 3759 928 3810 die
947 3777 998 3812 ιιιιι
1017 3761 1080 3812 riter
1097 3761 1248 3814 riorWuen

222 3839 277 3892 und
294 3839 336 3894 die
357 3839 514 3910 Bedeutung
541 3841 587 3894 der
605 3844 709 3906 steine,
737 3843 779 3896 die
799 3860 861 3896 nnn
883 3845 1004 3912 iio'tpiicn
1028 3853 1145 3908 sunta,
1171 3846 1247 3898 sicit

222 3923 257 3976 ino
277 3924 399 3976 nautam
417 3923 513 3980 ioum.
548 3927 594 3977 Ais
611 3927 720 3980 tacet
739 3935 793 3982 etc.

290 4008 337 4075 tu)
357 4005 504 4061 Sturaii
531 4007 686 4064 Orionis
713 4009 883 4066 Thebani
911 4009 1136 4082 etymologicon,
1173 4008 1248 4080 luipo.
