2884 4630
222 269 284 334 184
590 258 833 330 nummio
857 281 902 328 su

264 469 401 557 δραχμὰς
422 465 455 534 di
478 463 532 534 dole
553 501 597 516 -
618 467 654 530 ei
672 465 727 535 dale
748 465 909 552 ὅραχμαΙΊ
960 462 1042 551 Quid
1065 464 1126 532 eibi
1149 467 1279 534 voluerit

218 579 268 646 hia
297 579 399 647 verbis
426 577 614 668 liorapollo‚
638 599 700 644 non
718 577 860 645 conuenit
879 579 960 644 iuter
979 576 1122 646 editores.
1172 576 1277 648 Oanss.

217 691 276 783 pro
295 694 430 780 δραχμὰς
448 689 616 781 legendum
635 703 747 780 putans
765 695 915 777 γραμμὰς,
931 691 969 756 iis
982 691 1014 755 in
1031 692 1131 757 crucis
1148 692 1282 782 liguram

182 823 184 828 '
217 805 278 876 sibi
302 805 435 870 inuicem
454 803 604 893 impositis
622 797 787 870 Honadcm
806 804 868 870 sire
888 803 990 870 Deum
1008 801 1160 892 designari
1179 802 1277 884 dicit3

179 897 181 902 Ι
217 915 359 985 dissentit
385 916 426 982 ab
455 938 492 982 eo
520 914 560 982 de
587 915 702 996 Panas,
727 916 782 1005 qui
808 914 886 982 haec
916 914 1088 985 adnotavit:
1134 915 1280 984 »Graeci

218 1026 431 1097 »drachmam
456 1051 518 1095 nna
546 1025 679 1118 quadam
702 1027 785 1094 linea
804 1027 948 1096 ridentur
965 1039 1220 1120 repraesentasse3
1246 1039 1280 1094 et

220 1167 242 1210 >s
252 1141 327 1208 duas
345 1139 507 1208 drachmas
521 1140 612 1208 lineis
627 1138 761 1210 duabus:
782 1139 841 1206 hee
857 1153 961 1208 autern
977 1140 1057 1207 dnae
1073 1141 1174 1208 lineae
1186 1151 1282 1206 eram

220 1267 325 1322 »nota
353 1253 481 1320 unitatis
507 1251 593 1343 apud
619 1253 805 1344 Aegyption
832 1252 872 1320 de
898 1276 960 1344 qua
979 1253 1033 1320 lric
1049 1253 1147 1322 verba
1165 1253 1286 1319 faciens

218 1393 241 1434 >s
250 1365 435 1456 Philippus,
459 1387 522 1432 nou
545 1366 749 1456 interpretem
768 1365 822 1432 sed
840 1363 1066 1458 periphrastem
1086 1367 1150 1458 egit
1161 1416 1171 1448 ‚
1192 1379 1228 1432 et
1246 1379 1287 1432 nt

209 1477 377 1547 »Graecis
403 1479 465 1546 suis
492 1499 560 1543 rem
586 1479 749 1568 perspicue
767 1480 1097 1569 erponcret,·signum
1114 1477 1192 1546 illud
1211 1477 1289 1545 uui·-

218 1591 322 1660 »tatis
336 1591 457 1658 vocarit
475 1588 551 1658 duas
570 1589 749 1672 drachmas,
773 1611 941 1682 mrumque
957 1591 1078 1658 lineolis
1096 1592 1224 1658 unium
1242 1591 1289 1658 li-

217 1704 355 1772 arneolas
382 1701 565 1793 designavit.
612 1703 667 1772 Sic
694 1725 805 1771 omnes·
822 1703 1036 1792 intelligebant
1055 1703 1180 1786 statim,
1205 1701 1290 1794 quid

218 1817 428 1907 »symbolum
448 1817 510 1886 sibi
527 1815 636 1898 vellet,
661 1829 692 1884 et
711 1815 791 1884 duae
808 1815 1034 1907 Aegyptiorum
1053 1813 1186 1883 lineolae
1205 1813 1287 1881 dua-

218 1955 240 1996 »
251 1929 309 1995 bus
329 1929 519 1996 Graecorum
537 1927 659 1996 lineolis
676 1927 870 2019 designatae,
893 1948 956 1994 non
974 1941 1118 2018 poterant
1134 1930 1287 2020 cuiquam

218 2063 268 2108 »c
288 2041 418 2108 Graecia
436 2063 502 2108 esse
519 2043 683 2132 ignotae.”
731 2039 795 2109 Sed
811 2061 873 2108 non
890 2037 1013 2108 ridetur
1031 2040 1283 2111 animadvertisse

218 2151 258 2220 de
276 2153 395 2236 Pauw,
417 2141 518 2220 multo
547 2153 718 2244 simplicius
742 2167 774 2220 et
796 2154 893 2244 magis
909 2154 1108 2245 perspicuum
1127 2155 1282 2223 iacturum

217 2266 311 2334 luisse
329 2267 529 2358 scriptorem,
553 2267 578 2333 si
599 2265 679 2357 ipsas
698 2267 793 2332 lineas
810 2267 1016 2348 nominasset,
1035 2288 1128 2358 pam
1146 2267 1208 2336 alio
1225 2291 1282 2337 no·

216 2379 304 2446 mine
322 2380 372 2448 rel
390 2379 451 2446 alia
468 2401 504 2446 re
529 2379 596 2446 illas
621 2377 799 2446 iudicando
818 2415 864 2431 -
881 2375 1024 2450 Jomard.
1036 2381 1082 2448 in
1100 2381 1277 2450 Am'maalo.

218 2493 260 2560 ale
277 2490 400 2586 Signis
419 2491 639 2561 Numeros-usn
655 2491 749 2581 opud
766 2489 806 2556 V
802 2499 844 2560 et.
863 2490 949 2584 Aeg.
970 2493 1092 2562 insertis
1108 2493 1278 2586 nempe.

218 2605 341 2700 Magn.
360 2605 447 2698 Aeg.
473 2605 571 2672 Tomo
589 2601 646 2674 lx.
671 2625 743 2694 pag.
765 2609 819 2672 et.
840 2602 915 2672 duas
934 2605 1001 2672 illas
1019 2607 1115 2676 lineas
1139 2607 1207 2696 (udo
1228 2609 1283 2676 too

217 2720 371 2808 γραμμὰς)
387 2718 520 2808 explicat
536 2717 632 2784 latera
651 2715 712 2784 duo
729 2717 861 2784 lineolae
878 2731 980 2784 rectae
1000 2720 1076 2814 (fl),
1100 2741 1163 2810 qua
1182 2717 1284 2784 unius

219 2830 252 2894 in
275 2851 359 2896 sacra
378 2829 531 2917 scriptura
550 2827 683 2894 indicari
701 2829 796 2910 solet3
822 2827 876 2896 sed
891 2831 938 2896 ‘ita
957 2829 1095 2900 nendum
1112 2829 1285 2920 explicatur
1324 2819 1331 2830 ’

220 2937 377 3026 quomodo
406 2935 570 3006 dmohmas
597 2939 677 3010 ,duas
704 2938 844 3008 indicare
872 2943 1008 3032 potnerit
1033 2943 1154 3022 vultur,
1172 2941 1285 3033 'prop-

150 3107 157 3123 .
218 3041 303 3116 terea
326 3050 410 3141 quod
433 3052 535 3119 lineae
560 3049 642 3120 duae
664 3053 815 3120 unitatem
840 3056 1026 3122 constituant
1049 3053 1133 3145 apud
1151 3055 1283 3144 Aegyp·

219 3162 297 3246 tios3
327 3185 409 3254 qnae
441 3161 607 3232 difficultas
632 3167 792 3234 tolleretur
819 3167 844 3234 si
869 3168 947 3234 libri
973 3167 1064 3240 ttss.
1088 3167 1207 3258 ubique
1225 3187 1284 3257 pro

218 3277 356 3367 δραχμὰς
373 3275 525 3346 haberent
543 3287 691 3366 γραμμάς.
725 3280 837 3372 ltaque
854 3305 927 3350 oum
945 3279 1025 3352 cod.
1044 3283 1140 3351 Paris.
1161 3281 1202 3348 Α.
1227 3301 1285 3372 pro

218 3393 254 3458 ori
273 3391 328 3460 delo
349 3396 503 3478 γραμμαὶ,
526 3390 691 3483 legendum
717 3393 841 3462 ridetur
863 3400 897 3462 αἱ
921 3398 976 3464 «lale
998 3397 1150 3484 δραχμαὶ,
1180 3395 1225 3462 ita
1250 3407 1286 3462 nt

219 3523 323 3571 sensus
348 3504 406 3572 sit:
434 3505 538 3572 vultur
566 3505 719 3598 significat
747 3506 822 3574 duas
849 3506 1033 3588 drachmas,
1058 3509 1207 3598 quoniam
1227 3507 1286 3574 hae

217 3619 369 3684 unintenr
398 3618 481 3709 apud
501 3618 670 3710 Aegyptios
692 3620 896 3702 constituant3
923 3619 1019 3688 veluti
1047 3633 1152 3688 antem
1181 3621 1286 3691 sulca

219 3728 266 3794 sni
289 3733 410 3819 generis
433 3745 533 3800 muter
562 3745 625 3812 est,
659 3732 703 3800 sio
730 3747 762 3799 et
788 3733 888 3800 unitas
916 3733 1057 3801 omnium
1083 3753 1284 3800 numerorum

218 3851 317 3906 mater
345 3857 441 3933 atquc
470 3846 556 3936 origo
580 3845 735 3928 habetur3
760 3858 854 3936 atque
873 3860 947 3914 tuuc
970 3849 1025 3920 dolo
1047 3849 1179 3936 δραχμαὶ
1200 3843 1284 3910 acci·
1321 3841 1323 3846 ’

219 3951 352 4044 piendec
378 3970 470 4022 erunt
500 3957 540 4023 dc
567 3959 763 4026 didrachmo
781 3959 1040 4040 Alexandrino,
1065 3961 1120 4051 qni
1139 3979 1288 4026 nummus
