2840 4644
183 229 247 318 sss
557 219 799 298 sonormo
823 245 866 294 n

553 359 570 400 s

183 441 248 496 tem
266 428 417 496 inlericis
439 451 523 504 tous
546 440 577 494 et
600 453 754 506 xrutoua
776 434 878 495 vitam
895 426 1086 519 significent,
1107 451 1144 496 ex
1161 452 1234 500 nnu-

180 537 261 629 logio
280 548 413 605 mortem
431 561 554 628 qnoque
578 564 659 609 uo‘o
682 553 714 606 et
737 565 889 618 stennon
911 536 1027 605 dicturo
1045 540 1137 608 fuisse
1156 564 1237 608 con·-

148 725 151 734 ,
176 647 267 738 jicit;
294 651 405 742 quibus
432 651 560 718 vocibus
586 651 626 718 sb
654 651 762 718 eudem
789 653 895 732 litere,
925 677 967 740 x,
991 651 1236 742 incipientibus,

180 743 363 853 scenologiam
391 761 535 831 constitui
562 776 661 854 putet.
709 763 827 830 Eadem
858 763 977 830 ratione
1001 765 1093 830 alam
1123 791 1234 855 nette,

178 881 289 938 adrem
315 871 485 968 designasse
513 887 621 966 putot,
646 877 794 966 quoniam
817 873 869 940 hie
896 873 1076 966 Aegyptiis,
1101 874 1237 956 dialecto

180 981 340 1068 thidice,
362 983 471 1060 ortos
494 987 635 1070 dicetur,
658 989 830 1054 suscitem
854 1011 872 1052 n
895 1012 921 1055 τ
943 985 1119 1077 incipiente.

225 1087 378 1186 Seyfferth
410 1100 443 1168 in
466 1099 525 1192 οΡ.
546 1102 600 1172 cit.
628 1123 700 1194 pap.
724 1104 799 1168 181.
823 1102 973 1190 laquem
998 1100 1094 1166 slinns
1115 1103 1237 1168 morti-

168 1209 304 1299 ferum,
328 1209 368 1278 ed
391 1211 559 1282 Saturnum
586 1225 618 1280 et
640 1213 772 1280 Martem
784 1263 794 1295 ,
818 1211 913 1278 elium
936 1215 1086 1294 amoris,
1110 1210 1149 1280 ed
1166 1211 1234 1280 Ve-

107 1341 112 1346 ·
179 1341 286 1390 nerem
305 1324 353 1391 vel
370 1323 491 1394 Lunum
508 1323 646 1418 planetes
668 1325 774 1395 refert.
1123 1323 1135 1338 ”

285 1417 293 1529 J
591 1453 695 1506 erens
719 1453 822 1504 nvn.
1079 1527 1081 1532 Ι

219 1553 318 1630 Λόγοι
339 1551 392 1616 sal
413 1547 526 1638 suta]
565 1547 683 1618 Pierius
696 1545 856 1640 Ht'erogl.
871 1544 1001 1616 XLVII.
1020 1569 1090 1638 cop.
1111 1552 1168 1617 37.
1188 1548 1238 1614 in·

177 1658 288 1750 telligit
315 1659 486 1752 desenpto
502 1663 619 1752 solia,
643 1661 789 1752 quonism
816 1659 985 1750 antiquitus
1013 1659 1046 1725 in
1056 1660 1164 1750 foliis
1183 1672 1238 1728 eut

43 1785 48 1790 '
178 1771 382 1864 quarumdem
408 1775 552 1841 orborum
571 1775 737 1842 corticibus
764 1773 912 1864 seriptum
938 1771 1050 1874 fuerin
1077 1785 1171 1866 utque
1191 1775 1236 1840 sio

176 1884 277 1969 polio
295 1886 396 1976 accipi
412 1887 529 1978 possint
548 1885 588 1954 de
597 1910 735 1980 papyro
745 1936 754 1968 ,
778 1909 834 1978 per
852 1907 948 1976 quern
966 1887 1139 1974 antiquam
1159 1889 1236 1952 ori-

172 1998 295 2090 gisem.
310 1995 444 2066 indisnt
466 1999 635 2090 Horepollo
658 1997 805 2066 docuerat
828 2020 940 2088 supro,
964 1995 992 2067 Ι.
1017 2020 1086 2088 esp.
1112 2001 1167 2068 30.

224 2107 377 2200 llleproth
409 2109 470 2202 ΟΡ.
505 2111 560 2183 cit.
593 2111 653 2203 ΕΡ.
686 2109 713 2180 Ι.
748 2133 819 2206 pop.
845 2113 899 2178 21.
932 2107 1236 2202 »xmcsffisquit

176 2245 198 2287 »
210 2217 339 2312 Coptiee
356 2221 508 2314 significet
527 2227 684 2314 temporis
706 2221 935 2300 &orationem
953 2243 1011 2288 ror
1033 2243 1070 2288 en
1086 2221 1197 2313 incipit
1215 2247 1235 2289 s

179 2357 256 2424 ux,
280 2333 389 2402 endem
408 2335 559 2401 rationem
576 2357 612 2402 ne
636 2356 793 2409 urucam
816 2333 962 2413 corbeon,
982 2356 1106 2416 termo,
1129 2360 1231 2410 ottone

114 2484 119 2493 ,
167 2447 314 2537 folium,
338 2459 370 2514 et
392 2469 485 2522 utcu
510 2443 604 2514 liber.
829 2435 833 2442 ’

335 2637 338 2644 ,
588 2579 692 2632 corun
715 2583 829 2634 xxtm.
926 2648 933 2661 ι

219 2683 293 2758 Πῶς
314 2677 517 2766 πολιορκίαν]
557 2667 631 2746 Ald.
651 2676 748 2744 Mero.
770 2690 801 2743 et
819 2675 954 2745 Pierius:
991 2681 1066 2756 Πῶς
1079 2685 1164 2746 ποιεῖ
1174 2705 1235 2748 πο-

174 2789 322 2876 2ropelau.
345 2809 403 2878 pro
431 2789 607 2878 quotiesc.
632 2787 774 2878 corrigit:
807 2791 881 2864 Πῶς
904 2791 1021 2854 ποιοῦσι
1043 2786 1233 2874 πολιορκίαν.
1297 2845 1306 2869 ,

174 2895 237 2966 Sed
264 2893 386 2994 videtur
413 2920 497 2964 error
526 2911 609 2966 ortus
632 2897 880 2988 exsequentium
907 2897 1067 2964 liternum
1087 2897 1233 2966 similitu-

175 3007 249 3074 dine
261 3055 271 3086 ‚
296 3013 428 3095 totaque
449 3031 506 3075 tor
528 2999 718 3090 omitt'endn;
744 3010 922 3100 pracsertim
943 3031 1040 3099 quum
1058 3010 1143 3076 nullo
1170 3011 1233 3080 elio

175 3116 283 3186 codice
293 3117 510 3209 continuetur,¹
528 3142 629 3210 neque
645 3145 663 3187 s
678 3121 824 3188 Trebatio
839 3122 960 3188 invente
976 3121 1069 3190 fuisse
1077 3120 1229 3192 ridentur.

216 3227 340 3314 Κλίμάξ
360 3266 406 3282 -
428 3231 618 3320 πολιορκίαν]
667 3231 704 3298 ln
731 3232 860 3324 picturis
886 3233 1037 3310 bellorum
1064 3257 1082 3299 n
1105 3233 1230 3326 regibus

172 3341 319 3434 Aegypti,
330 3355 436 3410 contre
454 3341 528 3409 elios
537 3343 666 3434 populos
676 3357 843 3434 gestorum,
855 3345 1029 3436 saepissime
1046 3345 1230 3416 exhibentur

172 3477 297 3548 qnoque
326 3454 451 3524 urbium
469 3455 636 3522 aliorumve
653 3459 790 3523 locorum
808 3459 999 3524 munitorum
1020 3461 1228 3550 oppugnatio-

171 3593 245 3652 nes,
269 3569 444 3660 militesque
471 3569 576 3634 soelc‘s
603 3569 636 3634 in
662 3591 765 3636 muros
784 3567 1014 3642 adscendentes.
1061 3571 1178 3638 Verum
1196 3573 1228 3638 in

100 3729 104 3744 .
174 3681 410 3770 incriptionibns
429 3679 669 3771 hieroglyphicis
680 3731 690 3762 ,
715 3680 799 3771 qnod
826 3683 940 3764 sciens,
958 3667 1061 3750 ¹secla
1087 3707 1149 3751 non
1174 3661 1247 3748 in-*

174 3792 306 3859 venitur.
330 3832 375 3844 —
397 3791 457 3860 Pro
483 3795 551 3875 διὰ,
574 3791 614 3859 dc
632 3794 726 3876 Banu
744 3805 828 3860 recte
846 3795 997 3884 conjicere
1015 3795 1153 3867 ridetur:
1173 3798 1226 3864 sol

173 3906 208 3971 nl
229 3903 404 3990 ἀνώμαλον.
427 3905 572 3995 quonism
591 3906 728 3998 ulioqnin
750 3906 828 3974 ratio
851 3906 890 3975 eit
913 3907 1028 3998 inepte.
