2892 4638
231 224 293 286 120
559 255 564 300 ς
599 215 841 288 tunctunc
865 237 909 284 tn

138 443 144 456 ·
228 419 295 492 Sed·
306 421 349 490 ad
363 419 566 512 talam'bujus
586 419 674 486 rerbi
699 417 952 512 significationem
966 416 1137 506 confugere
1159 435 1222 482 non
1238 429 1288 484 est
1422 433 1423 438 ’

225 555 372 616 nocane,
406 521 656 626 qusndoquidom
683 533 823 600 nonnulli
847 531 1070 621 Aegyptiorum
1097 527 1145 601 dii
1172 529 1289 618 capitis

222 647 430 736 ‚tegimentum
457 645 573 712 habent
600 647 641 712 eb
669 645 754 714 ornni
781 658 870 735 parte
895 643 1061 723 basiliscis,
1096 641 1160 713 sito
1183 640 1288 706 uraois

227 759 374 826 inauratis
397 758 535 826 eincbrm
553 770 763 838 oromatum,
788 755 933 846 quodque
949 753 1154 844 tegimentum
1173 752 1212 819 iis
1229 775 1294 818 rra-

223 874 377 957 prrs'deroes
409 869 443 935 id
471 884 516 938 est
551 873 732 938 ἐπιτίθεται.
778 868 906 950 Stridet:
943 870 1084 952 aspides·
1107 869 1181 947 ὅπερ
1211 873 1289 948 ἡμῖν

224 987 356 1067 outtqba'e
387 985 499 1052 ἐπίθου
531 983 641 1064 λέγειν.
698 979 793 1051 Diod.
830 981 895 1049 Sic.
931 981 969 1048 L
999 977 1027 1048 I.
1059 976 1131 1049 Md.
1165 975 1285 1045 Wese-

226 1097 287 1166 vol.
296 1095 326 1164 I.
347 1094 611 1184 pag.15,initio,
634 1095 747 1180 κέρατα
766 1095 794 1161 d’
813 1097 893 1178 αὐτῇ
912 1091 1287 1180 (”Ισιδι),περιτιθεάυιν,

225 1209 405 1300 ubitamen
424 1205 590 1273 adnotatur
612 1206 672 1272 alie
696 1206 788 1272 lectio
807 1206 1016 1284 ἐπιτιθέασινς
1039 1200 1092 1268 sed
1115 1201 1210 1268 etiarn
1230 1199 1287 1268 illo

223 1321 295 1388 loeo
313 1320 434 1409 vulgata
452 1339 515 1386 non
537 1316 659 1384 ridetm
678 1315 839 1394 tentanda,
863 1337 961 1405 quum
974 1326 1049 1406 apto
1065 1313 1195 1402 intelligi
1212 1335 1288 1402 pos·

224 1434 264 1500 sit
282 1431 329 1498 'da
357 1431 468 1522 capitis
479 1430 654 1521 ,tegimento
671 1429 719 1494 rel
743 1428 925 1496 diadematis
941 1447 1055 1517 genere
1072 1425 1196 1492 bubulis
1214 1446 1289 1490 eor-

127 1615 132 1628 ,
222 1545 507 1624 nibusinstructo,
539 1543 630 1632 quale
656 1541 845 1610 Mercurium
873 1538 1053 1630 imposuisse
1079 1535 1155 1604 Isidi
1188 1536 1288 1604 refert

223 1654 405 1738 Plutarchus
423 1655 465 1721 do
481 1653 533 1723 Ia.
553 1665 586 1722 et
608 1653 665 1723 Oa.
677 1675 760 1744 cap.
784 1657 835 1722 19.
855 1675 926 1744 paq.
945 1657 1022 1720 358.
1041 1650 1082 1720 tt.
1111 1653 1290 1734 napserim

222 1774 394 1864 {induemus
421 1768 501 1852 αὐτῇ
526 1775 645 1854 κράνος.
692 1767 803 1856 Neque
826 1766 948 1832 obstare
971 1777 1069 1855 puto,
1093 1761 1178 1852 quod
1201 1761 1286 1830 inira

182 1883 187 1890 ’
223 1881 337 1947 iterum
360 1877 501 1964 dicatum
534 1881 636 1946 αὐτὸν.
661 1882 712 1945 ἐπὶ
739 1889 792 1962 τῆς
814 1877 950 1960 κεφαλῆς
976 1883 1039 1944 τῶν
1066 1881 1150 1944 θεῶν
1179 1881 1286 1942 duret·-

221 1993 348 2074 dloows
380 2013 453 2058 narn
468 2004 690 2082 praeterquam
713 1987 797 2082 quod
819 1988 853 2056 in
873 1987 1037 2056 scribendo
1054 1987 1195 2056 ordinem
1220 2009 1286 2053 non

221 2103 322 2192 valde¹
337 2118 426 2170 curat
455 2104 609 2194 scriptor,
640 2103 722 2170 infra
749 2102 842 2195 aliern
870 2122 996 2168 censam
1023 2099 1156 2180 adtulit,
1186 2120 1285 2189 quere

222 2213 281 2282 hio
303 2239 427 2307 serpens
454 2215 583 2282 deorum
611 2215 708 2306 capiti
734 2217 926 2305 imponetur:
965 2212 1055 2303 qtsod
1076 2215 1163 2278 vitoe
1187 2231 1299 2286 reon·

210 2331 327 2419 ¹touque
337 2337 536 2420 potestatem
552 2328 672 2394 dobere
687 2325 852 2394 uideatur.
896 2323 1062 2392 Caeterum
1081 2336 1281 2390 monuments

220 2441 411 2532 Aegyptiam
437 2440 682 2520 confirmarunt,
705 2460 785 2529 quae
811 2435 890 2504 dicit
907 2435 1074 2526 Horapollo
1092 2433 1133 2502 de
1150 2433 1281 2502 doorutn

220 2554 392 2645 capitibus,
429 2553 546 2620 ornatis
571 2552 703 2632 Uraeis;
736 2551 780 2620 cf.
804 2574 834 2620 r.
859 2573 888 2618 c.
913 2547 1043 2618 Osiridis
1065 2549 1175 2638 capitis
1197 2547 1282 2638 togi-

218 2680 378 2748 mentum,
403 2667 470 2736 tab.
493 2690 525 2736 n.
549 2669 583 2734 3.

210 2835 217 2844 .
262 2778 367 2858 ἐπειδὴ
394 2783 487 2862 τριῶν
516 2779 617 2856 γενῶν
642 2775 742 2856 ὀφέων
765 2774 981 2862 καθεστώτων]
1022 2774 1072 2840 De
1094 2774 1189 2842 teriia
1213 2795 1283 2840 eur-
1422 2841 1423 2850 ,

217 2887 362 2974 pontium
387 2885 550 2972 generibus
576 2885 629 2955 eff.
658 2883 775 2950 Plinius
793 2883 895 2967 stiur.
923 2883 1006 2954 Not.
1034 2885 1156 2956 XXIII.
1183 2889 1224 2967 8,
1248 2899 1282 2953 et

216 2995 351 3084 reliqui,
378 2981 455 3084 quos
483 3017 574 3086 supra
600 2995 808 3084 laudorimns3
836 2997 950 3086 quibus
980 2993 1112 3066 addatur
1132 2996 1281 3066 Aelianus
1339 2992 1353 3028 ‘

215 3105 259 3174 de
274 3104 388 3194 Anius.
416 3105 500 3176 Ναί.
527 3106 569 3176 Χ.
593 3111 650 3178 31.
680 3107 736 3200 qai
761 3106 872 3176 dicit'
864 3131 897 3174 m
919 3113 965 3177 17
994 3111 1110 3202 species
1135 3109 1279 3200 aspidum

210 3241 313 3310 penus
329 3217 463 3285 divisum
481 3217 575 3286 fuisse
594 3221 635 3288 ab
654 3219 834 3311 Aegyptiis:
859 3220 965 3312 itaque
989 3221 1050 3290 hoo
1074 3222 1143 3292 Ioco
1161 3221 1201 3288 de
1218 3223 1280 3307 alia

117 3415 122 3422 ,
215 3333 328 3422 majori
317 3330 496 3400 divisione
514 3345 560 3400 est
583 3332 792 3423 cogitandum.
838 3335 986 3424 Aegyptii
1008 3349 1124 3403 norunt
1130 3356 1281 3426 serpen-

207 3459 262 3534 tes
277 3447 410 3527 alatos,
410 3444 578 3538 (Herod.
584 3445 629 3514 II
652 3451 706 3516 75.
734 3458 839 3514 narrem
855 3445 917 3512 sibi
934 3447 1027 3515 Itrissa
1044 3449 1179 3516 relatum
1197 3471 1281 3552 quo-

214 3557 338 3640 tannis,
361 3556 533 3648 incipiente
548 3581 641 3638 rere,
665 3559 761 3626 alatos
776 3571 929 3648 serpentes
946 3581 982 3625 er
999 3559 1118 3628 trahis
1138 3547 1281 3626 aduolare

216 3671 249 3736 in
278 3671 476 3760 Aegyptum,
499 3667 553 3738 sed
578 3669 620 3737 ab
643 3669 751 3738 Ibibus
777 3692 828 3736 eos
847 3669 1009 3760 prohiberi
1028 3685 1122 3761 atque
1140 3670 1277 3756 occidi),

215 3781 284 3848 noti
310 3765 436 3886 iderunt
458 3799 489 3852 et
512 3795 669 3876 serpentes
686 3783 873 3874 apaoiileo,
896 3779 927 3848 et
949 3793 1127 3850 terrestres
1146 3785 1195 3874 (ut
1218 3784 1279 3849 bu·-

217 3893 332 3973 srlisci,
356 3909 489 3968 amastse
508 3897 656 3987 aliique);
682 3893 736 3964 sed
754 3907 837 3963 recte
855 3894 974 3964 Pierius
993 3897 1026 3966 in
1050 3896 1122 3964 adn.
1144 3895 1184 3964 ad
1202 3895 1235 3964 lt.
1254 3899 1275 3965 l.
