2858 4628
665 333 709 407 21
1113 364 1119 398 ι

173 577 236 624 non
257 559 337 623 omni
359 551 544 620 dubitatione
566 545 731 630 carew),
753 545 789 611 ed
813 545 996 628 baetylorum
1017 563 1131 629 genus,
1162 545 1201 611 de

175 669 282 752 quibus
308 666 443 750 quaestio
478 667 581 725 nemra
608 659 685 741 agit,
715 656 918 720 tamenidem
947 656 1027 737 ipse,
1068 658 1201 738 quamuis
1307 683 1310 694 ¹
1395 749 1397 758 Ι

175 784 370 862 tingueretur,
392 775 429 838 ab
452 771 516 834 aliia
539 767 683 851 lapidibus
703 765 800 828 unctis
818 763 926 828 nedum
948 781 965 826 a
986 763 1083 847 lapide
1097 765 1200 829 Janobi

175 889 296 952 multam
319 883 427 962 diliert,
450 887 524 944 tum
546 874 811 959 magnitudino
832 871 955 957 (λίθος
977 866 1024 940 οὗ
1048 872 1200 955 μέγαςς

175 1017 242 1061 oum
255 991 438 1076 respexeris,
456 987 535 1051 buno
555 985 681 1069 lapidem
703 984 782 1066 pelle
796 981 937 1068 (lisina)
951 981 1006 1066 ⁸⁸)
1031 983 1204 1045 obvolutum

175 1105 296 1170 infantis
326 1120 344 1164 e
371 1105 458 1182 partu
489 1097 619 1161 nerontis
647 1093 786 1158 babuisse
813 1091 946 1174 pondos,
979 1091 1090 1174 baetyli
1118 1092 1203 1169 alius,
1309 1083 1316 1091 '

174 1216 260 1297 cujus
281 1203 453 1277 diametrus¹
471 1207 597 1290 palmam
618 1203 774 1286 aequabat,
801 1200 1030 1283 magnitudinem
1057 1219 1118 1265 non
1148 1220 1204 1264 su·

171 1339 299 1406 'perasse
314 1315 459 1402 uidetur),
480 1323 565 1393 tum,
585 1301 728 1396 quaut'um
748 1313 807 1393 iam
829 1329 869 1374 ex
889 1328 925 1372 re
945 1309 1007 1392 ipsa
1031 1312 1203 1398 conjectare
1296 1383 1306 1397 .

176 1433 262 1510 lieet,
282 1431 402 1494 lormd
423 1444 466 1490 se.
488 1419 692 1508 globosam).
733 1417 846 1501 Siquid
864 1419 934 1482 lieet
949 1421 1074 1500 opinari,
1096 1440 1205 1502 quem-

176 1540 334 1605 admodum
355 1538 385 1601 in
408 1537 547 1600 uniuersa
568 1549 669 1596 rerum
687 1535 790 1593 natura
809 1527 976 1608 reperimus
990 1527 1086 1590 media
1108 1547 1205 1610 quae-

177 1649 259 1727 dam,
291 1647 396 1730 quibus
429 1659 587 1726 quaeper
618 1659 653 1704 aa
680 1645 749 1704 sunt
779 1635 914 1718 opposita
944 1635 1078 1699 intense
1099 1629 1206 1700 conci-

177 1759 302 1821 liantur:
322 1758 361 1820 ita
383 1763 414 1820 et
435 1755 464 1817 in
484 1733 703 1832 superstitionis
725 1747 852 1830 regione
873 1743 946 1826 lapis
967 1743 1017 1808 ille
1038 1763 1056 1808 a
1076 1745 1203 1812 Saturno

178 1863 340 1930 devoratus
360 1873 391 1929 et
414 1861 559 1927 evomitus
580 1859 645 1922 sivo
666 1853 740 1922 κατ’
765 1851 894 1938 ἐξοχὴν
916 1855 981 1918 sive
1002 1857 1123 1938 proprio
1144 1851 1206 1920 no-

178 1975 259 2040 mine
277 1970 448 2052 linteolos
462 1970 558 2032 dietus
572 1967 699 2030 medium
715 1963 784 2046 quid
806 1965 883 2026 inter
896 1963 1031 2048 baetylos
1050 1973 1080 2029 et
1098 1974 1205 2030 unctos

179 2085 292 2168 lapides
314 2082 407 2145 luisse
427 2079 552 2158 videtur,
572 2074 668 2156 utqui
686 2071 886 2154 magnitudine
904 2079 934 2136 et
954 2073 1048 2137 lorma
1069 2077 1204 2162 baetplis,

180 2197 321 2259 unctione
333 2193 428 2256 unctis
449 2187 593 2272 lapidibus
608 2185 672 2248 aliis
691 2181 792 2276 similis
812 2179 912 2262 luerit,
933 2202 1020 2264 quom
1035 2185 1073 2248 ob
1086 2204 1205 2252 causam

181 2307 299 2388 utrique
320 2322 357 2368 eo
377 2303 491 2366 lacilius
514 2302 674 2382 potueruut
693 2285 863 2375 permutari.

263 2415 347 2504 Quae
368 2429 434 2474 oum
454 2412 492 2472 ita
512 2410 589 2484 siut,
610 2423 670 2467 non
692 2417 813 2484 possum
834 2416 896 2462 non
915 2399 952 2461 iis
972 2401 1127 2479 assentiri,
1157 2403 1206 2482 qui

251 2685 298 2746 85)
317 2685 359 2735 de
380 2683 505 2735 Watta
522 2681 542 2733 l.
560 2697 582 2732 a.
601 2686 663 2747 post
680 2675 761 2729 illum
782 2674 872 2725 locum
891 2671 1018 2733 Plinb'l.
1035 2671 1061 2726 b.
1072 2675 1210 2740 (msupra

184 2791 208 2842 p.
231 2771 275 2837 ll)
293 2769 409 2821 citatum
436 2764 542 2836 pergit:
570 2757 733 2816 Sonderbore
761 2759 1025 2826 Vermisebssng
1056 2757 1103 2810 mit
1128 2757 1210 2809 tinem

186 2859 303 2925 stipibus.
333 2855 444 2921 lleeyab.
468 2869 493 2906 o.
520 2849 656 2916 finiendae:
684 2847 762 2906 adrem
788 2845 897 2897 lutam
924 2843 936 2894 ὅ
965 2843 1051 2902 δοθεὶς
1074 2843 1148 2903 λίθος
1173 2841 1209 2913 rp't'

183 2943 274 3016 Kpo'sps
301 2941 361 2992 sissi
387 2938 453 2998 Asela.
503 2937 637 2990 Priscian.
662 2934 706 2985 lib.
737 2931 761 2980 V
768 2951 777 2984 .·
801 2931 901 2983 Abodir
926 2929 997 2982 Desa
1023 2937 1109 2982 ert-
1133 2947 1211 2998 quem

185 3028 285 3081 Graeci
301 3025 424 3091 ,taleolas
440 3027 547 3077 uocont.
908 3025 911 3032 '

252 3111 300 3174 tn>
317 3111 400 3180 Qrsod
426 3117 504 3162 easta
529 3122 581 3160 non
609 3103 682 3156 idam
708 3109 768 3164 est,
795 3115 877 3168 quana
897 3100 971 3168 qnod
997 3101 1031 3153 da
1050 3099 1166 3170 baetylo
1184 3099 1211 3153 in

188 3197 281 3250 Photil
300 3196 367 3246 bibl.
384 3195 403 3249 l.
421 3211 446 3250 e.
464 3199 607 3246 narratur}
631 3181 699 3241 εἶδον
716 3207 760 3238 sos
777 3185 900 3250 puteolos
919 3213 950 3225 -
975 3185 1039 3238 stari
1063 3184 1115 3239 d'e's
1140 3195 1212 3244 τοῖς
1239 3171 1245 3180 ’

183 3285 340 3343 eaustus
365 3285 609 3348 κρυπτόμενον.
628 3302 662 3314 -

253 3366 301 3432 tt)
325 3363 551 3426 Ruebartos,
578 3359 644 3429 qui,
672 3355 738 3410 lieet
767 3355 896 3424 baetylos
921 3355 1096 3424 alapidibus
1123 3353 1213 3405 unctis

186 3451 313 3504 diversos
337 3465 398 3501 usa
433 3457 534 3517 neget,
571 3456 663 3498 tanuen
694 3441 872 3508 baetyloram
903 3439 1015 3509 propris
1041 3455 1057 3490 a
1085 3446 1214 3489 satarum

187 3535 299 3604 seriptis
326 3535 397 3586 bana
431 3535 557 3603 allegat,
591 3527 759 3583 ossenbulnm
787 3525 895 3586 ndis,
932 3522 1056 3583 Abadis,
1091 3521 1215 3574 abaddir

188 3607 302 3704 (ἾῐἹΝ
334 3603 409 3700 nit]
428 3635 448 3669 s.
468 3625 548 3686 petar
566 3614 747 3680 magnilious,
776 3625 831 3676 quo
850 3607 900 3658 illo
919 3605 990 3674 lapis
1009 3605 1093 3658 etiam
1114 3621 1214 3674 rogno-

188 3701 367 3762 mioabatur,
394 3701 474 3767 eujus
499 3697 626 3753 pernimis
654 3695 772 3750 l'onleas
798 3694 864 3744 daos
889 3699 1024 3742 memineat
1044 3690 1215 3759 Augustinus
1263 3707 1270 3716 ·

190 3787 272 3857 epist.
295 3785 348 3845 dd,
373 3803 506 3855 cumpro
533 3785 625 3852 lapide
650 3787 792 3842 sumatur,
819 3785 980 3845 corruptum
1008 3793 1041 3828 ex
1067 3774 1216 3830 Phoenicis

190 3873 323 3953 'lt'tll'ltl
340 3873 412 3924 aben
436 3871 480 3924 dir
492 3869 537 3921 rel
556 3867 691 3931 abandir,
710 3863 781 3933 lapis
799 3861 977 3931 sphaericus,
999 3859 1089 3928 qrralls
1108 3859 1216 3929 baetyli

188 3953 385 4022 lsrmaiuesit,
405 3950 547 4026 ingeniose
564 3957 660 4022 putati
680 3963 848 4016 quamquam
863 3945 919 3999 lios
935 3943 1014 3998 nobis
1032 3957 1163 4012 nonopus
1174 3949 1217 3995 est

189 4043 359 4111 molestare·
376 4083 379 4088 ,
