2858 4628
671 328 835 404 61·

182 568 297 618 nmmo
318 549 376 613 deo
397 543 550 612 sanserit?
581 542 668 620 (laed
695 541 775 608 idem
795 541 896 622 locut,
923 557 1011 623 quem
1035 550 1206 624 bacumus,

182 663 241 724 tam
269 656 442 735 evidentur,
472 661 505 718 nt
541 651 670 718 convelli
703 669 764 715 non
798 651 911 734 possit,
942 667 1056 733 nepam
1089 652 1207 718 videtur

184 785 276 851 quum
320 765 453 830 lacobus
489 761 720 846 expergefactus
754 779 773 826 e
808 778 915 826 somno
948 757 1060 824 dixisse
1093 760 1209 824 lerator
1256 811 1260 818 .

184 878 257 942 dea.
277 873 329 955 28,
351 873 406 936 16:
450 869 498 947 rtb
532 881 633 980 ³³er
670 892 745 979 rip-1
776 883 905 974 orpus,
935 868 1034 974 n'pmp
1058 876 1109 962 νὴ
1140 887 1211 971 1³33

189 1023 322 1108 :amp-23
342 1001 501 1081 locumque
522 998 603 1062 illum
623 1013 750 1062 vocasse
771 994 925 1090 inf-naq,
945 993 1029 1076 qnasi
1052 992 1127 1058 deus
1146 1007 1210 1055 non

183 1083 320 1192 omnib'us
346 1126 420 1190 locis
448 1125 486 1188 sit
515 1139 669 1206 praesens.
719 1121 768 1185 An
795 1121 920 1184 lorsitan
947 1103 1210 1198 uar'serasu),

183 1242 310 1318 ejusque
330 1235 442 1298 similes
462 1251 534 1297 uera
557 1231 775 1296 contenderunt
794 1230 938 1308 dicentes,
961 1247 1049 1311 quem
1069 1225 1211 1291 Abraba-

184 1365 249 1410 mus
272 1351 317 1426 d,
348 1343 427 1427 quod
458 1341 545 1406 facile
567 1341 694 1405 collecta
717 1345 779 1419 est,
799 1337 931 1402 lacobus
953 1337 1099 1400 coluerint
1120 1335 1209 1400 deum
1250 1331 1255 1344 “

184 1457 224 1520 nil
255 1457 311 1519 nisi
344 1454 471 1534 idolum,
509 1453 606 1534 qualia
638 1451 784 1514 coluerint
806 1455 836 1512 et
853 1449 999 1544 pagani,
1031 1463 1089 1510 nec
1121 1425 1222 1510 deum*

181 1583 287 1628 uerum
309 1564 408 1626 viuum
431 1561 547 1625 luisse?
573 1561 613 1623 lit
643 1577 744 1623 nonne
764 1559 859 1641 ipsum
888 1557 966 1620 tale
995 1556 1142 1619 somnium
1170 1555 1210 1618 de

184 1672 336 1754 angelis
359 1670 419 1737 del
441 1667 671 1733 ascendentibus
694 1673 725 1730 et
752 1665 1003 1729 descendentibus
1025 1681 1080 1745 per
1099 1663 1209 1727 scalam

183 1781 371 1844 constitutam
390 1779 428 1841 de
445 1777 556 1840 coelo
570 1759 752 1840 interram
769 1781 811 1856 et¹
825 1775 850 1838 si
866 1774 1004 1858 adjungis
1018 1793 1046 1836 v.
1068 1771 1209 1851 tlt-to,

184 1889 222 1952 de
249 1890 384 1953 lebovae
411 1885 742 1971 promissionibus
767 1885 812 1950 ad
833 1901 964 1948 omnes
992 1889 1122 1948 terrac
1149 1893 1212 1947 re·¹

185 2001 324 2084 piones
346 2005 381 2062 et
416 1999 595 2062 nationes
625 1998 914 2079 pertinentibus
940 1997 1081 2061 meliores
1105 1995 1216 2060 lacobi

184 2110 223 2175 de
244 2109 303 2174 deo
325 2109 453 2193 produnt
474 2109 624 2188 notiones,
644 2125 710 2170 cum
732 2108 852 2171 nonsit
876 2105 1068 2186 initiandam,
1096 2107 1212 2170 somnia

184 2240 250 2286 cum
273 2222 352 2286 vitae
374 2220 547 2304 ingeniique
568 2225 646 2283 stato
669 2224 700 2281 ct
722 2218 893 2282 conditione
914 2217 1015 2281 intime
1036 2217 1210 2296 cohaerere,

185 2337 305 2394 utnon
337 2331 465 2410 quisque
495 2347 632 2411 quaeque
660 2329 756 2410 possit
780 2328 930 2391 somniare
959 2333 989 2389 et
1016 2325 1092 2389 adeo
1127 2325 1212 2404 dem,

186 2441 235 2521 qui
257 2447 305 2503 est
324 2438 399 2501 deus
427 2437 539 2500 ordinis
570 2443 601 2500 et
630 2437 811 2518 sapientiae,
833 2453 892 2500 sua
925 2435 1047 2498 consilia
1069 2433 1106 2497 ad
1133 2433 1211 2499 illam

185 2547 384 2611 conditionem
404 2543 632 2608 accommodans
650 2544 864 2608 somniantibus
882 2560 1004 2626 quoquc
1023 2559 1083 2605 non
1105 2541 1212 2605 eodem

186 2673 221 2719 sc
264 2652 439 2736 patefecerit
478 2651 591 2716 modo?
634 2651 827 2735 Quantopere
871 2651 1009 2716 differunt
1054 2650 1212 2736 Amerioae

186 2761 373 2826 lndianorum
395 2761 623 2841 vaticinatores,
645 2761 752 2843 quibus
773 2763 918 2826 animas
937 2759 1103 2844 lapidum
1124 2775 1214 2822 arca-

186 2887 292 2935 norum
313 2875 455 2954 apparent
475 2875 506 2934 et
526 2887 578 2932 res
597 2869 767 2934 reconditas
790 2870 933 2952 prodontl
964 2869 1003 2933 Et
1030 2885 1132 2933 nonne
1155 2867 1213 2932 illis

254 3013 301 3078 111)
322 3013 342 3066 l.
360 3029 382 3065 c.
403 3013 426 3066 l.
446 3009 511 3062 Tbl.
529 3027 555 3079 p.
572 3009 622 3065 111
645 3009 708 3063 Vom
727 3009 820 3063 Dicant
844 3010 892 3063 der
910 3010 1076 3079 Bourgdlter
1091 3007 1215 3076 (Tierua-

185 3098 274 3166 pbiar)
293 3099 384 3151 aucit
400 3113 477 3148 suar
492 3097 541 3148 rior
558 3097 708 3150 Historilrer
725 3097 777 3149 alen
795 3095 930 3148 maban
948 3095 1006 3161 Jrsi
1021 3094 1080 3146 und
1096 3093 1213 3147 notram

187 3183 235 3234 ibn
252 3199 306 3234 nur
323 3183 370 3236 dar
383 3183 493 3235 Familia
508 3183 639 3234 desselben
658 3199 694 3234 su
711 3184 750 3250 (Ι.
762 3183 840 3236 Mor.
858 3181 903 3243 11,
920 3181 987 3244 “li
1004 3181 1073 3233 doct
1091 3181 1160 3231 vird
1171 3179 1215 3230 dia

187 3267 279 3320 Kritilr
295 3267 386 3320 imaum
403 3269 479 3320 meir
498 3269 683 3330 anmbcnmr
707 3269 771 3320 duaa
789 3267 938 3320 Abrabam
955 3267 1018 3319 Gall
1035 3267 1078 3317 eis
1095 3263 1215 3317 Product

187 3368 262 3411 naar,
280 3352 329 3403 acic
345 3353 394 3404 dus
412 3353 460 3405 der
479 3353 654 3414 Raraunum,
671 3352 714 3404 ein
733 3352 799 3413 ldal,
817 3351 866 3404 acie
883 3352 927 3404 dia
945 3351 1015 3403 lalole
1032 3350 1079 3400 dor
1099 3346 1215 3418 ribrign

189 3435 399 3502 mansuum.
426 3435 657 3506 Cujusopialonia
670 3433 776 3488 radicas
793 3453 845 3489 non
862 3444 919 3490 taos
931 3434 958 3486 in
972 3431 1089 3486 biatnria
1100 3431 1214 3485 vitaeve

190 3519 342 3574 abrahami
362 3520 547 3590 descriptione
565 3523 613 3588 (ci.
631 3521 701 3576 Gon.
730 3521 779 3582 11,
802 3521 879 3576 1-1.
899 3519 932 3574 11
938 3557 947 3582 ,
967 3517 1079 3573 tt-tb.
1097 3518 1146 3579 tl,
1171 3515 1216 3569 11.

189 3603 233 3666 11,
253 3605 328 3659 1-1.
347 3605 390 3666 ll,
411 3606 435 3659 1.
454 3605 497 3668 te,
514 3604 556 3658 11.
574 3605 619 3667 11,
637 3606 693 3671 1.),
719 3621 803 3674 quam
830 3605 857 3656 in
881 3603 937 3657 alia
962 3602 1108 3672 apiciana,
1136 3600 1216 3672 qusai

188 3705 277 3761 penus
294 3689 446 3743 humanum
464 3707 515 3742 nan
533 3691 625 3744 solum
651 3700 779 3760 respectu
800 3691 893 3742 cultus
920 3687 1030 3752 civilis,
1059 3689 1108 3742 aad
1128 3690 1214 3743 ctiam

188 3775 258 3828 adae
275 3773 352 3828 sitae
370 3774 519 3846 religiosa·
534 3775 672 3840 lobnam,
689 3791 724 3829 aa
737 3774 826 3829 dicam
845 3775 974 3840 bestiale,
993 3773 1103 3830 initian
1122 3774 1215 3828 baba-

188 3857 258 3923 arta,
285 3875 369 3929 qaum
397 3867 490 3914 umen
515 3869 628 3916 mortno
654 3877 767 3930 quoquo
792 3859 894 3914 aetatis
912 3877 1035 3932 paganos
1054 3879 1070 3914 a
1088 3869 1168 3915 statu
1185 3867 1217 3915 ct

146 3995 152 4002 .
189 3943 346 3998 conditione
363 3944 480 4000 meliore
504 3945 672 4016 depravatos
690 3963 751 3999 aare
766 3955 809 4000 -at
835 3963 853 4001 ι
877 3947 1018 4013 malms!
1043 3944 1150 4001 virtuto
1168 3945 1216 3999 de·

189 4043 337 4099 marsus
356 4027 445 4084 videri
463 4029 593 4085 omuibus
609 4030 734 4100 expansio
752 4030 954 4088 aectinaveris.
