2858 4628
276 1365 439 1480 Iaapirlum
461 1387 571 1450 collum
595 1373 674 1470 apud¹
694 1395 813 1450 valeres
834 1387 1053 1451 usitalissimurn
1076 1391 1162 1454 etiarn
1184 1390 1220 1454 ml

193 1496 374 1574 patriarchas
396 1495 513 1578 quidam
542 1503 668 1560 censent
694 1495 892 1560 referendum.
934 1499 1060 1562 Exstant
1087 1500 1221 1562 nimirum

89 1604 93 1616 ’
193 1605 254 1667 duo
275 1607 332 1669 loci
356 1607 474 1684 Veteris
496 1607 677 1670 Testamenti
697 1607 753 1670 sibi
774 1608 900 1672 invicem
921 1605 1150 1690 respondentes,
1171 1609 1220 1689 qui

193 1713 271 1776 illins
297 1715 445 1796 opinionis
473 1717 621 1781 dederont
646 1733 747 1778 ansam
775 1725 806 1778 et
832 1715 869 1780 ml
897 1735 973 1800 quus
999 1716 1222 1798 pertractandos

193 1819 328 1886 doctiore
350 1840 437 1905 quam
469 1827 669 1909 probabiliore
695 1825 872 1906 impellimur
900 1825 1116 1907 explicatione,
1145 1844 1222 1910 quae

193 1929 271 2013 apud
295 1935 403 1996 inultos
423 1935 548 2016 hujusce
565 1937 657 2017 ipsius
680 1935 821 2016 lemporis
839 1933 1000 2016 aequales,
1029 1937 1079 2017 qui
1107 1936 1162 1998 huo
1183 1933 1221 1998 dc

193 2055 228 2104 ro
247 2043 432 2122 seripserunt
453 2049 542 2124 alque
561 2043 737 2107 eruditionis
758 2043 835 2106 lama
856 2049 888 2105 et
915 2043 1015 2125 judicil
1045 2047 1221 2108 auclorilala

192 2151 320 2232 pollent,
349 2159 496 2216 versatur.
537 2151 602 2215 Neo
630 2151 770 2218 levissimi
807 2153 948 2214 momenti
982 2151 1057 2214 liaeo
1084 2155 1220 2234 quaestio

192 2259 326 2324 babeam
351 2268 416 2340 est,
445 2281 522 2344 quae
544 2279 610 2326 cum
637 2263 702 2326 aliis
724 2278 846 2343 quoquo
865 2262 962 2324 causis
984 2261 1126 2326 cohaeret
1145 2281 1221 2346 qra-

191 2370 335 2444 vissimls;
358 2369 426 2432 ideo
455 2371 494 2434 de
525 2391 561 2434 ea
590 2389 693 2434 sumus
724 2370 901 2447 disserturi,
928 2373 1101 2450 praesertim
1131 2389 1221 2449 quum

193 2477 342 2554 nonnulli,
364 2479 470 2539 ilerum
491 2481 659 2559 iterumque
681 2477 786 2540 eadem
808 2475 1017 2558 proferentes,
1044 2479 1142 2556 potius
1164 2478 1222 2538 ali-

194 2601 278 2645 orum
299 2585 494 2664 auctoritate,
515 2603 601 2666 quam
625 2601 660 2647 re
677 2585 778 2647 denuo
798 2585 963 2648 exornlnrlo
984 2585 1035 2647 nili
1051 2581 1220 2660 vidcrnlnr3

194 2699 366 2774 tantumque
389 2693 490 2772 abcsl,
512 2700 543 2756 ut
563 2694 663 2758 obsiel
681 2695 835 2778 proposito
858 2697 962 2758 nostro
984 2691 1220 2756 doctissimorum

193 2801 371 2878 auctoritas,
392 2809 427 2866 nt
444 2787 519 2866 iaec
540 2804 605 2884 ipsa
625 2805 720 2887 magis
742 2805 829 2868 eliam
857 2820 914 2868 nos
946 2802 1092 2885 impellat,
1118 2821 1222 2883 quum,

192 2910 273 2994 quod
296 2911 408 2972 erroris
427 2912 486 2973 rim
506 2919 608 2995 auget,
630 2915 802 2976 doctissimo
823 2913 939 2993 cuique,
959 2913 1071 2975 etiamsi
1095 2911 1221 2992 tollatur,
1297 2955 1301 2960 -

193 3019 317 3084 maxima
341 3019 516 3104 plerumque
537 3022 682 3085 habeatur
712 3021 803 3098 lides3
833 3022 940 3083 etenim
970 3039 1058 3104 quum
1088 3039 1148 3086 non
1180 3003 1221 3088 ria

192 3129 378 3214 respicienda
399 3133 437 3196 sit
460 3135 638 3210 auctoribus,
669 3137 701 3194 ut
721 3131 900 3214 despiclalur
919 3131 1047 3194 rerilas:
1074 3151 1133 3196 non
1163 3141 1221 3214 esi,

193 3239 274 3322 quod
295 3240 434 3318 mireris,
463 3243 552 3304 eiiam
572 3242 702 3323 impares
724 3241 803 3304 vires
823 3241 983 3304 occasione
1003 3241 1070 3304 dala
1091 3241 1127 3316 qd
1150 3259 1222 3304 cer·

193 3353 290 3436 ioman
309 3347 441 3411 excitari.
482 3347 603 3411 Praeter
625 3349 734 3429 scripta
768 3347 844 3410 inlra
876 3348 964 3412 ollula
994 3347 1057 3410 aliis
1089 3354 1219 3428 quoque,

193 3457 333 3538 imprimis
362 3437 604 3540 Hoe'llingil,
639 3455 687 3520 clu
721 3455 907 3534 Brosses,
935 3452 1221 3534 Biadermanni,

193 3565 512 3644 Doutscbmonui,
534 3565 722 3630 Pieillori
744 3561 1047 3628 otJeuiobcnnli
1069 3559 1126 3624 buc
1147 3581 1222 3644 pen·¹

192 3675 369 3753 inentibus,
393 3673 519 3738 libenter
538 3689 673 3737 essemus
696 3675 760 3754 osi,
790 3673 845 3735 uisi
869 3690 903 3732 ea
926 3669 1098 3750 acquirendi
1119 3671 1221 3753 perdi·

192 3785 339 3863 &moinus
362 3799 492 3866 operum.

275 3891 445 3974 Priusquam
483 3889 599 3959 illorum
636 3885 671 3952 V.
703 3884 884 3953 Testamenti
917 3868 1050 3954 locorum
1089 3897 1219 3954 nostram

193 4002 341 4066 rllerimus
362 4001 657 4082 interpretationem,
678 4017 805 4063 neccaro
828 3999 903 4078 erit,
924 4006 957 4062 ut
983 3997 1221 4064 saumariorum

1011 4111 1057 4175 μ
1104 4143 1107 4149 ,
