2884 4630
263 313 301 365 ,A
339 274 649 347 nornomnrs
670 273 869 348 nrnaoon.
916 275 944 346 1.
971 281 1024 346 13.
1141 279 1203 344 aas

145 481 333 568 βοσκήμασιν
352 481 493 566 ἰωμένοις
511 483 758 568 προσημαίνουσι.
794 479 908 550 Enoch.
923 479 1049 572 Praep.
1065 477 1206 570 Emg.

146 587 207 658 ΠΙ.
229 593 272 670 4,
295 603 364 680 post
384 591 430 662 in.
454 593 503 660 drd
530 595 583 658 ael
608 598 712 676 μόνοις
733 599 794 668 τοῖς
817 599 937 678 doctum
960 599 1015 675 τὴν
1038 599 1101 662 τῶν
1121 591 1204 676 ὅλων

144 703 326 770 ἀνετίθεσαν
358 705 484 786 αἰτίαν,
514 707 554 770 sd
580 711 684 773 πάντα
720 704 898 788 εἱμαρμένης
925 703 1119 780 ἐξάπτοντες,
1151 706 1209 770 aar<

144 821 198 896 νῆν
221 819 285 882 sus
305 819 424 900 ἄντρων
450 819 594 898 κινήσεώς
615 841 647 882 τε
673 819 740 884 eal.
752 823 845 901 φορᾶς
868 814 966 900 ὥςπερ
992 813 1096 897 ἀμέλει
1117 815 1206 892 alaisa

143 927 196 990 uui
217 933 275 994 νῦν
295 926 349 1009 lida
370 925 443 1011 παρ’
465 923 568 1003 adroic
588 933 767 1013 κεκράτηκεν
788 935 808 1012 el
829 927 914 1004 δόξα.
1195 964 1197 973 ·

167 1035 280 1104 πέντε
301 1041 390 1119 μόνοι
412 1039 445 1114 ἐξ
466 1039 570 1105 αὐτῶν
592 1039 776 1124 κινούμενοι]
824 1039 950 1105 Praeter
966 1037 1111 1115 Terram,
1135 1057 1204 1126 rep·
1317 1062 1319 1070 ’

144 1159 208 1213 tem
234 1147 374 1238 planetas
401 1161 518 1215 veteres
548 1161 723 1217 numerant.
781 1145 909 1216 Goelnm
937 1147 1040 1239 ipsum
1067 1145 1206 1216 infinitae

142 1257 367 1352 magnitudinis
392 1259 520 1351 globum
545 1258 716 1353 putabant,
745 1261 895 1328 amultis
920 1281 1076 1327 summurn
1103 1261 1207 1328 Deum

144 1385 308 1454 uocatum,
330 1371 394 1460 (oli.
421 1395 497 1466 qnos
522 1356 556 1438 in
578 1370 682 1441 adnot.
703 1373 804 1462 prima
821 1371 912 1441 adh.
933 1373 1206 1462 concitavimus,

145 1498 179 1554 et
204 1483 383 1576 llecroltins
410 1488 448 1549 ιἰι
476 1481 586 1554 Some.
615 1483 798 1576 Saepimis.
828 1484 856 1554 Ι.
887 1489 946 1566 17,
970 1484 1052 1574 in),
1081 1487 1115 1551 in
1144 1509 1207 1576 quo

142 1597 339 1689 planetarum
365 1595 575 1664 conversiones
602 1595 721 1666 fierent.
775 1597 839 1664 Ubi
865 1595 905 1662 de
930 1610 1049 1688 septem
1076 1596 1207 1687 planetis

141 1711 313 1802 loquuntur
337 1707 434 1802 (qnod
452 1709 568 1778 lacimrt
585 1711 638 1780 rb.
662 1733 691 1796 c.
727 1709 843 1776 Aristot
862 1709 903 1776 de
920 1707 1060 1786 Mundo.
1081 1729 1151 1800 cap.
1172 1714 1205 1780 2.

143 1821 214 1892 vol.
232 1822 261 1892 l.
286 1845 358 1913 pag.
380 1825 456 1890 847.
481 1819 521 1889 Ε.
542 1845 588 1912 sq.
612 1819 769 1890 Plutarch.
790 1821 831 1888 de
848 1819 900 1890 Ie.
921 1829 953 1888 et
974 1819 1032 1890 Os.
1052 1845 1122 1912 cap.
1138 1827 1205 1902 48,

143 1936 190 2006 in.
226 1958 298 2026 pag.
328 1939 405 2003 370.
431 1932 534 2004 (3.1).
582 1933 681 2003 Glem.
709 1934 797 2004 Alex.
827 1932 951 2003 Strom.
973 1935 1030 2004 vt.
1055 1958 1126 2026 cap.
1152 1939 1206 2005 16.

145 2045 262 2116 Plinius
275 2045 373 2116 ffers.
393 2044 475 2116 Nar.
491 2045 535 2116 ll.
548 2050 581 2114 6.
615 2047 739 2116 Sorrina
758 2039 799 2114 ad
813 2047 852 2113 V
850 2051 920 2140 irg.
936 2047 1021 2118 Aen.
1033 2047 1094 2117 lll.
1111 2049 1205 2137 284.)

144 2158 248 2228 Solem
277 2173 309 2226 et
337 2159 458 2226 Lunam
486 2159 521 2224 in
543 2181 652 2226 eorum
670 2159 900 2226 enumeratione
916 2159 1204 2251 comprehendunt3
1234 2234 1244 2240 ,

144 2273 200 2342 alii
224 2293 297 2340 tero
315 2269 371 2340 hoa
390 2273 470 2340 inter
489 2272 627 2362 planetas
645 2295 708 2340 non
728 2286 898 2342 recensent.
948 2273 1007 2340 Off.
1027 2273 1121 2343 Diod.
1140 2275 1207 2346 Sic.

141 2383 187 2455 ll.
213 2389 462 2475 eu.psg.1te.
488 2384 637 2454 Wessel.
686 2382 753 2453 cio.
783 2384 823 2452 dc
850 2385 932 2454 Nat.
960 2385 1063 2456 Beer.
1088 2387 1116 2455 1.
1143 2391 1206 2470 13,

141 2495 230 2566 med.
257 2495 316 2562 ubi
339 2497 479 2586 loquitur
497 2493 537 2562 de
556 2497 651 2563 stellis
668 2497 773 2587 regis,
798 2499 911 2586 quibus
927 2499 1032 2586 jungit
1054 2499 1158 2566 Solem
1177 2513 1210 2565 et

140 2610 286 2688 Lunam
312 2607 354 2676 cf.
372 2621 404 2676 et
423 2608 467 2677 ll.
489 2613 544 2678 20.
568 2612 598 2695 §.
620 2611 680 2677 51:
713 2606 822 2675 »Solis
839 2623 871 2676 et
890 2609 998 2704 Lunae
1016 2621 1049 2672 et
1068 2610 1209 2697 quinque
1319 2636 1325 2642 ·

143 2717 351 2790 »errantium
372 2757 418 2770 -
439 2732 486 2788 est
504 2719 586 2786 lacta
603 2718 770 2786 conversio.
779 2725 801 2752 ”
847 2717 896 2784 lta
921 2737 1046 2807 qnoque
1069 2717 1210 2808 Hyginus
1336 2707 1345 2738 ¹

144 2833 182 2904 L.
204 2832 257 2916 11,
281 2829 345 2898 line
362 2843 394 2898 et
411 2831 481 2913 lll,
505 2831 578 2900 fine.
603 2845 635 2898 ct
657 2832 794 2922 quinque
811 2833 906 2898 etiam
925 2843 1084 2898 recensent
1102 2829 1210 2896 Ptole-

145 2967 251 3014 maeus
284 2957 316 3012 et
343 2943 462 3014 Theon.
526 2944 563 3012 ln
590 2945 797 3012 monumentis
824 2944 1021 3034 Aegyptiacis
1048 2943 1114 3010 Dea
1143 2943 1210 3033 Tpc
1272 2981 1279 2996 ·

145 3059 207 3128 aire
237 3055 338 3148 Tiphe
364 3057 542 3149 saepissime
570 3057 722 3137 occurrit,
747 3069 865 3148 septem
892 3056 1057 3148 globosin
1081 3078 1211 3148 corpore

146 3171 245 3263 pictos
263 3167 399 3249 habeus,
418 3191 552 3260 quornm
567 3169 634 3237 'duo
649 3183 768 3236 cenum
786 3169 889 3236 locum
907 3181 1076 3260 occupant,
1096 3167 1211 3256 reliqui

147 3283 285 3376 quinque
298 3303 356 3374 per
371 3293 472 3350 totum
486 3295 684 3376 corpussunt
699 3281 839 3372 dupersi.
868 3279 918 3350 cf.
935 3303 1027 3371 supra
1042 3303 1113 3370 pag.
1133 3283 1209 3347 182.

148 3394 181 3462 in
197 3393 273 3465 adn.
289 3393 330 3462 ad
347 3394 456 3476 rerba,
480 3398 625 3482 θηλυκῶς
646 3395 752 3478 μέντοι
770 3399 827 3478 τὴν
846 3396 987 3480 οὐρανόν.
1033 3391 1088 3460 Sol
1106 3391 1212 3484 itaque
1266 3394 1271 3404 “

147 3521 179 3578 st
205 3509 307 3578 Luna·
322 3520 396 3588 tnnc
423 3509 504 3576 inter
532 3509 633 3578 stelles
662 3507 781 3572 censeri
808 3529 871 3572 non
888 3505 1033 3572 ridentur
1050 3517 1211 3591 tamqnam

148 3619 193 3688 dii
215 3619 407 3701 nobiliores,
429 3633 462 3688 et
480 3643 515 3686 er
534 3620 730 3710 planetarum
747 3639 876 3683 numero
895 3614 1007 3682 exemti
1024 3613 1065 3678 ab
1085 3615 1211 3702 Aegyp·

148 3734 222 3816 tiis,
244 3731 342 3801 reluti
359 3729 518 3798 adnotavit
536 3730 576 3798 de
594 3733 689 3799 Panw
707 3729 798 3796 adh.
817 3729 839 3796 l.
858 3765 904 3778 -
924 3724 1087 3793 Caeterum
1106 3725 1212 3793 stellae
1299 3727 1306 3734 ’

149 3845 181 3914 ἰιι
198 3845 417 3915 monumentis.
428 3843 652 3934 Acgyptiorum
672 3843 811 3935 quinque
828 3837 924 3906 radiis
940 3838 1120 3929 pingtmtur.
1151 3837 1210 3909 Cff.

151 3958 324 4050 Champcll
351 3957 391 4026 de
410 3956 569 4048 Hierogl.
592 3956 631 4023 V
629 3966 670 4026 et.
692 3955 778 4047 Aeg.
800 3955 864 4024 tab.
889 3976 957 4044 gen.
977 3976 1010 4024 n.
1036 3955 1113 4020 239.
1139 3951 1210 4018 elli-

1077 4067 1121 4129 20
