2884 4630
284 389 287 404 ,
317 299 627 382 nortmuuurs
649 295 847 372 menone.
895 303 922 372 1.
950 307 1001 373 so.
1129 305 1192 371 aso

137 521 229 574 mm
246 527 341 597 qoem
354 506 432 594 jorn
458 511 677 598 seposuimus.
725 506 807 574 Nam
823 521 906 575 recte
924 509 1060 576 statuisse
1077 505 1193 576 viden-

138 633 187 686 ttrr
204 618 358 688 tter'oerss
375 617 482 690 Caum.
502 632 533 685 et
553 618 593 684 de
611 619 705 685 Pauus
722 619 840 685 nullom
861 617 915 684 hic
941 641 1003 685 esse
1029 623 1190 700 loannem

136 733 242 822 itaque
260 731 385 799 lor-tasse
404 733 486 817 ὕδωρ
502 731 601 822 priori
613 731 681 798 loco
698 731 835 823 positum
851 731 927 798 virio
945 731 1120 815 scribentis,
1141 755 1192 801 or·

135 857 202 912 lum
220 844 280 912 fuit
299 867 336 911 cx
353 843 566 934 sequentibus:
593 849 627 910 τὸ
652 846 732 936 ὕδωρ
757 848 797 918 εἰς
820 848 855 909 τὸ
876 821 1040 930 olpoloytcr
1061 848 1191 930 dnosol-
1269 881 1277 898 ·

134 939 231 1026 runs.
280 955 369 1044 Quod
397 967 501 1023 antem
528 956 561 1022 in
581 952 680 1023 codd.
699 955 820 1024 Morell.
839 967 871 1021 et
889 955 975 1021 Paris
992 953 1032 1023 l.
1053 955 1091 1024 B.
1112 957 1194 1046 lege·
1325 999 1326 1007 1

133 1068 241 1136 batur:
267 1071 395 1155 1⁶·le
407 1079 507 1152 μομᾶ,
531 1081 615 1153 recte
629 1069 695 1158 jam
714 1069 877 1157 explicasse
894 1065 1017 1133 videtin
1032 1065 1073 1131 de
1087 1067 1192 1149 Pauo,

134 1179 250 1250 decens
276 1191 371 1281 pope,
395 1181 456 1248 sel
469 1185 572 1271 potius
588 1185 693 1265 μώμα,
711 1179 843 1271 margini
862 1181 988 1247 fortasse
1006 1178 1197 1270 adscriptum
1264 1187 1266 1196 '

133 1295 231 1362 fnisse
258 1293 299 1359 ab
326 1295 451 1384 aliquo,
475 1305 511 1360 ut
538 1291 690 1358 indicaret
706 1293 909 1380 ascensuros
924 1291 984 1360 boc
1003 1293 1071 1360 loco
1090 1292 1196 1360 adesse

131 1429 195 1474 non
225 1405 358 1488 deberc3
384 1407 417 1473 in
445 1427 482 1473 eo
509 1401 612 1472 tainen
640 1427 743 1472 errare
769 1403 893 1472 ridetur
913 1404 952 1472 dc
971 1407 1086 1486 Pauw,
1111 1405 1197 1496 quoti

133 1520 269 1588 formam
296 1519 428 1586 acutam
445 1523 545 1602 ’μώμᾳ
570 1531 747 1608 usurpatam
770 1539 829 1607 pro
845 1516 950 1584 modia
969 1519 1013 1584 ita
1032 1517 1197 1584 defendere

112 1629 431 1713 consummatum
451 1611 610 1714 pompeniano,
632 1631 762 1713 μωμέειν
784 1643 816 1695 ct
836 1639 972 1714 μιῳάειν
991 1631 1024 1696 in
1041 1653 1100 1698 usu
1118 1653 1201 1721 pru-r

131 1746 254 1814 miscuo
282 1744 375 1812 luisse
402 1743 494 1826 olim;
521 1741 605 1832 qnod
623 1741 663 1809 de
681 1742 900 1832 antiquissimis
919 1744 1112 1834 temporibus
1133 1741 1196 1808 diei

134 1881 245 1949 posse,
270 1881 332 1926 non
359 1877 432 1924 vero
462 1856 501 1922 de
526 1857 582 1937 iis,
606 1856 718 1946 quibus
745 1855 814 1924 talis
832 1857 929 1947 glossa
946 1855 1064 1950 scripta
1080 1857 1173 1925 fuerit
1186 1885 1199 1938 ,·

135 1971 227 2040 (locet
245 1969 405 2040 lt’orvitls
431 1972 465 2036 in
487 1969 574 2038 orit.
595 1969 716 2036 Vemo
735 1993 806 2061 pag.
830 1975 894 2038 549
906 2021 915 2052 ‚
941 1995 987 2062 sq.
1013 1971 1069 2061 (Ἴ.
1119 1971 1196 2036 Ver-

136 2085 215 2154 bum
235 2087 455 2171 ὼτοκρίνεσθαι
479 2083 597 2173 passive
624 2081 657 2150 lt.
685 2083 708 2150 l.
737 2083 889 2172 significat
917 2089 1053 2152 excerni
1062 2135 1071 2167 ‚
1095 2107 1196 2176 septt-

134 2202 217 2264 rert'
226 2247 235 2278 ,
260 2197 359 2285 officii
383 2196 465 2262 inter
483 2195 632 2285 passivam
651 2205 683 2260 et
700 2191 836 2259 mediam
854 2194 946 2284 hujus
963 2197 1051 2262 verbi
1073 2197 1196 2288 signifi-

133 2311 290 2380 cationem
306 2309 351 2374 ita
369 2307 562 2398 distinguunt
581 2305 784 2374 Grammatici
801 2320 940 2389 veteres,
964 2321 998 2376 ut
1025 2309 1102 2377 haec
1125 2335 1197 2378 ros-

128 2421 319 2514 mudwdv‘,
336 2420 388 2486 illa
402 2411 985 2511 monassgnueasonemaaseo.
1012 2419 1070 2490 cn.
1083 2423 1195 2493 riom.
1434 2399 1435 2446 ³

129 2539 216 2626 Mag.
238 2557 312 2624 pag.
333 2538 387 2601 96.
413 2531 484 2598 Ed.
505 2531 607 2597 Bern.
657 2529 851 2618 Phrynichus
870 2533 903 2596 in
923 2533 1001 2600 Ecl.
1022 2557 1092 2622 pag.
1114 2539 1192 2604 208.
1218 2575 1221 2581 ,

130 2648 207 2718 Ed.
232 2645 367 2714 lobecls.
393 2645 576 2710 Ammonius
600 2642 641 2708 cle
657 2641 828 2730 Adsinium
847 2642 888 2708 V
885 2645 972 2709 ooob.
993 2643 1199 2732 Differents'a‘

131 2783 204 2855 pop.
227 2763 283 2828 21.
308 2757 360 2826 ed.
382 2756 544 2823 Vatstes.
567 2755 601 2820 in
618 2776 693 2821 voce
720 2757 937 2842 ἀποκριθῆνᾱι.
961 2767 1013 2837 ct,
1038 2779 1132 2846 quem
1150 2757 1196 2824 ibi

132 2872 269 2942 laudarit
298 2869 447 2937 Valcken.
495 2866 636 2936 Eustatlr.
665 2865 705 2932 ad
730 2866 778 2935 ΙΙ.
808 2871 848 2935 Ε.
881 2869 933 2936 12.
983 2867 1096 2938 Contra
1115 2870 1196 2938 hanc

133 2989 271 3080 togulam
296 2981 466 3050 docuerunt
489 2979 682 3048 Schwnrzius
714 2980 748 3046 ln
773 2979 874 3048 Notis
900 2980 941 3046 ad
973 2981 1130 3062 Olearium
1155 2988 1197 3054 de

136 3101 225 3172 Stilo
238 3098 284 3168 Ν.
303 3097 342 3168 Τ.
362 3115 433 3188 pag.
456 3097 509 3162 16.
530 3094 612 3162 etin
635 3093 762 3163 Gomm.
774 3093 925 3186 Linguae
944 3094 1006 3166 Gr.
1025 3121 1095 3190 pag.
1117 3105 1192 3170 863.

134 3216 283 3284 Bitttrnan
302 3212 335 3276 in
358 3209 506 3278 Gramen.
531 3205 789 3276 Uter.v011.11.
809 3207 900 3274 Parte
910 3209 936 3276 l.
954 3233 1024 3301 pag.
1044 3215 1119 3280 173.
1138 3213 1212 3288 ubi,

135 3341 239 3397 mouet
267 3323 490 3417 posterioribus
518 3319 645 3387 demum
672 3319 863 3408 temporibus
888 3323 1114 3407 ἀποκριθῆναι,
1138 3347 1196 3414 pro

136 3443 361 3528 ἀποκρίνασθαι
383 3435 475 3502 luisse
502 3445 696 3524 ustrrpattun.
726 3469 772 3482 -·
802 3431 921 3502 Verba:
952 3437 1130 3521 ἀμφοτέρων
1151 3475 1197 3488 -

139 3558 278 3640 κρυμὸν,
303 3547 482 3641 parenthesi·
497 3560 568 3614 sunt
587 3542 791 3624 includenda,
815 3545 963 3635 quoniam
983 3567 1105 3612 causam
1125 3547 1196 3613 red·

147 3827 182 3897 (‘)
200 3830 323 3881 Trillerus
347 3829 373 3876 in
402 3825 507 3876 orasse.
538 3825 606 3886 crit,
634 3841 691 3892 pag.
713 3821 773 3884 4³7,
796 3841 849 3888 seq.
876 3823 1014 3874 arbitratur
1038 3826 1202 3890 glossatorem

133 3904 282 3986 quemdam,
312 3917 498 3969 nmoribentem
526 3932 616 3966 rocem
634 3917 703 3966 illam
731 3919 821 3976 μομᾰ,
850 3915 962 3968 indicare
981 3918 1089 3972 voluisse
1109 3937 1202 3974 nomen

133 4005 293 4075 Aegyptium,
304 4017 355 4068 quo
370 4017 436 4068 oque
451 3993 588 4060 indicetur,
610 4009 745 4076 umor,
765 3999 815 4050 sivo
835 4010 951 4058 nourr.
