2858 4628
734 359 784 433 52

247 579 269 658 ς
299 577 328 640 5.
357 573 438 642 lie
466 567 874 657 patriar-eaerum
915 573 966 640 et
1001 567 1277 656 praeetpne

247 679 431 752 lucetii
457 694 586 766 ques
616 677 679 750 ste
706 677 911 749 nuntiae
938 675 1104 748 {trine
1138 673 1280 762 dus-

179 823 186 838 =
315 809 415 880 que
434 789 574 861 cultra
593 787 882 880 habuerint,
904 785 1204 860 mationibus.

329 959 426 1044 Hujus
448 959 632 1042 quaestionis
653 959 751 1022 minor
774 965 856 1022 esset
877 955 1092 1036 cithoniensi
1113 955 1275 1022 adversani

247 1073 336 1136 vitam
357 1067 462 1132 iacobi
491 1067 676 1147 aliorumque
704 1065 934 1148 patriarcharum
959 1067 990 1129 in
1017 1065 1163 1146 scriptura
1190 1082 1274 1128 sacra

247 1177 410 1246 secundum
447 1176 602 1238 veritatem
639 1174 815 1258 descriptam
855 1193 925 1239 esse
961 1173 1179 1250 concedereut;
1218 1171 1276 1235 hoc

247 1303 361 1368 negare
382 1279 609 1366 nequeunt⁸²),
637 1283 728 1346 libros
750 1283 785 1347 V.
807 1283 999 1363 Testamenti,
1029 1280 1277 1366 quemadmodum
1319 1311 1323 1320 ·

248 1411 431 1480 paganorum
461 1391 612 1455 historiam
648 1393 849 1472 nationesque
876 1391 1035 1474 rehgiosas
1063 1391 1207 1472 imprimis
1237 1409 1277 1453 ex

247 1507 380 1588 ipsorum
400 1503 517 1584 scriptis
538 1517 725 1583 cognoscere
753 1499 943 1582 studeamus,
971 1517 1040 1564 esse
1071 1498 1186 1564 iontem
1211 1499 1275 1582 pri-

248 1615 382 1692 marium,
393 1631 433 1676 ex
448 1630 507 1694 quo
521 1611 620 1696 gentis
630 1608 809 1672 israeliticae
822 1610 950 1691 ejusque
963 1613 1118 1670 atavorum
1132 1610 1277 1674 historiae

248 1723 419 1806 ingeniique
440 1739 511 1784 vera
534 1719 668 1802 cognitio
688 1715 849 1796 hauriatur,
871 1723 913 1797 ut,
931 1722 1117 1800 quantopere
1134 1718 1279 1782 historiae

248 1831 392 1915 profanae
414 1828 537 1892 scientit
560 1827 597 1890 ad
620 1845 734 1890 sacram
758 1825 918 1909 perfectius
940 1826 1162 1909 intelligendam
1185 1827 1279 1892 utaris

247 1946 404 2020 tantopere
425 1936 462 1998 ad
483 1937 559 1998 hanc
585 1934 794 1999 destruendam
825 1953 886 1998 non
914 1933 1055 2015 abutaris,
1083 1954 1147 1998 cum
1179 1938 1279 2018 potios

248 2065 353 2112 samaa
369 2047 533 2126 scripturae
552 2063 618 2108 cum
638 2063 822 2128 paganorum
838 2045 954 2128 scriptis
968 2047 1150 2129 comparatio
1169 2027 1283 2110 doceri

247 2153 325 2218 iliam
355 2153 446 2215 mutto
475 2153 540 2236 plus
570 2153 606 2218 ad
635 2171 838 2240 paganorum,
863 2173 954 2238 mam
983 2155 1090 2218 horum
1108 2156 1218 2238 scripta
1241 2155 1279 2220 ad

247 2263 444 2328 israelitarum
466 2281 552 2327 casm
576 2271 606 2328 et
628 2280 730 2327 mores
749 2281 823 2326 vere
844 2247 1084 2346 ¹cognoscendos
1112 2272 1278 2347 praesim

182 2411 192 2424 =
247 2373 285 2438 Et
306 2393 367 2456 quo
390 2373 485 2456 magis
507 2391 566 2437 non
589 2374 685 2438 solum
705 2373 753 2436 itta
774 2373 930 2456 scripturi,
951 2373 1007 2437 sed
1033 2375 1120 2438 eiam
1148 2375 1277 2438 omniun

247 2491 376 2549 aetatum
416 2486 600 2568 experientit
637 2483 735 2546 edocti
762 2501 937 2566 persuasum
968 2481 1128 2564 hahemus,
1161 2485 1280 2550 Veteris

247 2593 328 2658 Test.
350 2595 490 2678 populum
510 2591 548 2656 ah
571 2591 634 2690 eliis
654 2591 771 2688 populis
793 2609 861 2654 esse
889 2589 1121 2656 diversissimum
1150 2611 1278 2675 eatque

247 2703 447 2768 diversitatem
468 2703 642 2788 praesertim
661 2703 691 2765 in
713 2703 779 2783 ejus
800 2701 952 2795 diuersa
972 2703 1136 2768 numinis
1156 2703 1274 2768 divini

247 2815 470 2900 cognitione
491 2820 523 2876 et
544 2811 774 2876 adoratione
795 2813 880 2875 sitam
911 2831 971 2876 oon
1001 2831 1018 2876 a
1043 2815 1137 2878 ttosis
1158 2814 1275 2879 mum

246 2918 405 2998 institutis,
434 2919 489 2981 sed
514 2921 576 3003 jam
606 2941 623 2985 a
650 2921 823 3004 patriarchis
858 2921 1007 2986 deducere
1039 2925 1204 3006 originem:
1237 2941 1275 2987 eo

247 3029 341 3109 uagis
365 3027 452 3090 nohis
473 3027 656 3109 cavendum,
685 3047 725 3090 no
752 3030 875 3094 aliorum
896 3031 1073 3113 populorum
1095 3033 1134 3097 de
1155 3035 1275 3097 nurnine

245 3135 347 3198 divino
370 3137 496 3218 ejusque
531 3137 611 3202 cuitu
650 3140 807 3220 notiones,
836 3159 872 3203 re
904 3159 965 3204 non
1002 3141 1074 3205 satis
1112 3143 1274 3226 explorata,

247 3247 393 3312 Hebraeis
420 3265 585 3330 eorumque
617 3248 778 3331 majoribus
811 3251 993 3314 ascribamus
1024 3270 1124 3334 neque
1157 3269 1273 3331 eos,r

247 3359 355 3442 quibus
375 3357 404 3422 in
427 3355 500 3420 alias
518 3363 626 3440 gentes
647 3359 794 3422 emanavit
814 3359 862 3422 dei
884 3359 947 3421 ueri
963 3362 1095 3443 cognitio
1116 3368 1148 3425 et
1168 3361 1273 3438 cuitus,

244 3469 405 3532 habeamus
428 3466 511 3549 ipsos
537 3464 678 3528 salsorum
709 3465 833 3530 deorum
863 3467 1005 3532 cultores.
1046 3469 1157 3534 Contra
1187 3471 1273 3534 tatem

245 3577 371 3643 Vatirii
400 3579 600 3662 opinationem
645 3576 721 3642 adeo
752 3576 797 3642 de
840 3575 998 3644 Wettius
1039 3588 1071 3645 et
1098 3581 1272 3648 Ciliciae

244 3690 432 3770 pugnandum
444 3695 634 3754 censuerunt.
666 3688 849 3771 Nonneipse
863 3688 1031 3756 Gdlinius
1053 3694 1271 3777 ingennepro-

246 3799 359 3877 titetur,
388 3801 456 3862 nihil
487 3821 556 3882 per
577 3819 619 3864 se
641 3801 781 3880 obstare,
808 3817 868 3884 quo
897 3803 992 3867 minus
1015 3803 1091 3869 adeo
1113 3803 1271 3884 Abraham,

311 3963 484 4104 dzixQ'uarti
505 3965 635 4020 aestimat
653 3963 711 4034 ipsa
731 3963 833 4020 Tueh
855 3966 996 4023 (ieamaot
1023 3967 1189 4040 scriptorem
1206 3985 1232 4023 r.
1249 3963 1270 4021 1.
1399 3955 1400 3960 ¹

219 4069 266 4115 ,e
286 4067 303 4120 p
382 4053 392 4106 Ι
410 4091 415 4098 .
