2858 4628
777 307 824 384 34

681 405 919 424 Ἢ

289 521 434 602 postolat,
465 519 667 586 rationaliter
698 521 728 588 ἰιι
749 519 918 600 deiectos
942 523 1131 606 respondeat
1156 519 1295 600 littemea

288 637 318 698 in
342 633 437 712 ΒΜ)
460 643 490 698 et
507 635 809 720 significatione
825 639 907 704 vocis
929 635 1011 716 'mn
1034 641 1194 724 aptissima,
1211 657 1295 702 veron
1381 653 1382 700 i

288 750 375 814 etiam
397 751 463 832 ejus
485 751 635 834 origine
655 753 834 820 semitica
855 771 898 818 sc.
919 753 1152 836 chaldaica,
1180 752 1296 836 quanin

286 858 349 922 istis
369 858 542 940 regionibus
563 857 599 923 ad
621 859 754 928 libanon
786 869 915 926 montem
943 863 988 928 illi
1017 863 1135 947 lapides
1164 862 1296 945 praedpoe

286 959 510 1046 invenirentur,
531 968 641 1048 opilare
663 970 896 1034 commendatur.
1381 1051 1382 1056 ἵ

368 1075 398 1140 Si
413 1094 497 1154 vcro,
519 1076 598 1156 quod
622 1078 718 1140 mullis
741 1084 771 1142 et
791 1078 907 1142 idoneis
926 1086 1002 1164 puto
1026 1080 1129 1144 musis
1157 1079 1296 1142 commotos

285 1187 343 1266 jam
364 1189 458 1246 ratum
488 1183 644 1264 habueris,
678 1187 751 1268 lapis
782 1187 819 1250 ab
850 1187 964 1252 Jacobo
999 1195 1112 1254 unctam
1137 1205 1176 1253 ne
1202 1183 1295 1248 mrim

285 1289 402 1370 quidem
423 1291 567 1356 societate
584 1295 765 1376 contingitur
785 1313 803 1358 a
823 1295 959 1380 baetylis,
983 1297 1097 1362 horum
1112 1303 1295 1378 quoqmmtt

283 1398 507 1478 superstitiosus
528 1397 564 1460 ad
585 1401 792 1482 patriarcham,
814 1410 954 1486 quantum
977 1425 1020 1470 ex
1042 1406 1094 1470 illa
1116 1406 1181 1486 ejus
1200 1398 1294 1464 acioli

283 1509 424 1592 religiosa
447 1509 591 1594 colligere
611 1512 698 1592 licet,
718 1514 836 1578 minime
859 1523 906 1578 est
926 1515 1121 1582 referendus.

365 1621 405 1682 Aa
424 1637 524 1682 nonne
546 1620 603 1682 lroc
623 1622 729 1702 ipsum,
751 1623 831 1708 quod
853 1624 978 1706 lapidem
995 1627 1130 1704 unxerit,
1152 1612 1293 1705 gennsluit
1381 1599 1382 1620 ¹

161 1771 163 1776 ,
281 1729 518 1814 superstitionis,
551 1748 641 1812 quum
666 1731 742 1796 idem
770 1735 856 1798 etiam
885 1735 962 1818 apud
990 1753 1132 1820 paganos
1155 1731 1292 1796 lueritso·
1381 1779 1382 1818 ἶ

280 1840 384 1904 litum?
417 1839 480 1902 llac
508 1839 742 1922 interrogatione
766 1844 908 1926 jubemur
944 1845 982 1908 ad
1015 1847 1143 1914 alteram
1171 1829 1291 1922 progredi

280 1950 484 2032 quaestionem
506 1949 621 2010 scilicet

279 2165 360 2248 §.d
401 2097 481 2236 ite
511 2163 765 2252 lapidibus
798 2171 961 2244 umetis
993 2173 1289 2246 (araceum

279 2275 329 2348 ct
363 2290 430 2345 an
465 2273 760 2360 patriarcha
804 2277 1029 2368 lapidem
1084 2277 1289 2352 ereccon

297 2403 490 2473 ungens
512 2383 689 2456 lecerit
716 2387 912 2478 attentat
935 2380 1274 2482 superstitiosi.

359 2541 486 2604 lllstoria
508 2545 640 2623 gentium
662 2543 768 2624 docet,
791 2563 851 2611 non
872 2549 968 2614 solum
997 2550 1123 2616 deorum
1149 2540 1285 2611 simulacra

275 2657 340 2712 arte
362 2647 547 2733 amedu),
574 2671 678 2715 vomam
701 2655 806 2734 etiam,
826 2656 906 2738 qaod
922 2661 985 2742 jam
1008 2657 1047 2723 dc
1068 2656 1192 2741 baelplis
1209 2659 1285 2728 arnt·

274 2761 350 2824 dicia
372 2762 587 2843 demonstrant,
607 2765 699 2828 rudes
716 2767 828 2848 lapides
852 2769 969 2851 alioque
990 2774 1089 2853 qualia
1109 2754 1284 2856 propenderit
1381 2779 1382 2784 ¹

274 2875 395 2946 natura,
418 2869 518 2931 divino
541 2887 611 2933 csse
632 2872 728 2936 habita
750 2875 851 2956 culn,
879 2896 938 2966 nec
958 2881 1056 2946 solum
1077 2882 1116 2947 ab
1136 2867 1283 2941 lomoibtl

272 2973 396 3036 rudibus
414 2975 487 3054 ipsis
512 2976 567 3038 sed
597 2980 684 3042 etiam
717 2985 802 3046 cultis
832 3004 868 3048 ac
895 2985 1010 3068 doctis,
1040 2989 1122 3073 quod
1142 2987 1280 3057 nlrttssl¹¹⁰

271 3079 371 3142 moltis
393 3089 510 3145 constat
531 3084 615 3148 locis.
648 3087 686 3150 Ut
705 3089 743 3152 de
764 3093 822 3156 illis
843 3095 1007 3164 simulacris
1029 3096 1112 3182 prius
1132 3099 1278 3177 loquamur,

270 3189 331 3284 jam
351 3187 409 3250 lroc
438 3197 485 3254 est
512 3175 676 3258 memoratu
703 3197 844 3282 dignuin,
881 3205 951 3270 olim
977 3213 1141 3274 statuarum
1168 3195 1278 3268 adili&

270 3291 460 3372 Θεοποιούς
484 3303 651 3370 nominatos
673 3325 752 3388 esse,
775 3315 1020 3393 quemadmodum
1041 3322 1129 3386 etiam
1150 3299 1277 3398 ejusmodi

267 3419 384 3478 saluae
411 3431 478 3480 cum
507 3415 626 3480 nomina
659 3418 781 3487 deorum
808 3423 945 3490 serebant
955 3444 969 3506 ,·
1001 3435 1061 3494 tom
1090 3438 1220 3512 anonim
1243 3409 1276 3474 iffi

266 3523 321 3602 ipsi
342 3531 373 3587 et
394 3525 579 3590 habebantur
608 3534 638 3589 et
657 3530 850 3614 caenamm,
886 3551 976 3616 qnam
1009 3534 1231 3607 dedicationibus
1249 3521 1275 3582 tl

335 3720 383 3786 53)
401 3723 530 3778 llaiaer
549 3729 565 3784 Ι.
585 3725 624 3781 e:
645 3733 693 3784 Die
704 3735 955 3808 Eindildangalcrntt
968 3725 1270 3814 vergegsncoriigtell'·

265 3803 369 3854 ledenale
392 3805 483 3858 ll'eccn
502 3811 535 3861 ian
553 3815 780 3870 nollendeten
800 3817 926 3877 llildar'aa.
969 3825 1004 3876 So
1019 3827 1106 3892 sallem
1129 3826 1169 3879 dic
1192 3811 1269 3880 ‘'iil‘'

264 3904 342 3941 noae·
359 3889 434 3942 niollt
452 3892 514 3944 eder
533 3912 579 3944 vor
598 3897 673 3950 ilaren
691 3902 803 3959 Sinam
820 3905 927 3970 aledea,
957 3910 998 3962 ola
1014 3911 1053 3964 oie
1070 3913 1108 3966 aie
1125 3893 1267 3964 autemid(

263 3973 458 4040 onageordcitet
477 3979 533 4028 rand
549 3979 686 4036 desuadeas
703 3987 746 4040 die
766 3995 860 4059 Anger
878 3992 1023 4064 eiagmetat
1040 3995 1109 4052 sind.
