2840 4644
117 263 127 286 ’
256 299 563 375 uouncruurs
586 299 787 371 nrrsocu.
831 300 876 371 11.
901 305 955 372 rs.
981 238 1036 372 is.
1125 305 1192 369 sss

190 505 236 573 lle
254 505 420 574 Goulicnof
434 503 495 595 0p.
516 505 570 573 cit.
590 527 661 595 pag.
681 507 736 585 31,
753 507 807 571 32.
829 503 1023 570 obsidionem
1038 525 1094 594 per
1104 525 1192 594 grc-

143 617 204 683 dus
221 617 386 687 indicatam
404 618 510 685 statuit
527 639 563 683 ex
582 617 720 684 doctrina
738 615 924 706 acrologica,
944 617 1090 706 quoniam
1110 615 1193 708 Gop-

143 743 242 798 torum
263 727 351 800 seces
373 755 527 821 suscep,
549 731 597 796 rel
620 755 759 819 resep,
778 730 912 822 gradus
934 731 1045 794 scalae
1070 729 1192 820 siguifi-

142 856 264 925 cantes,
283 870 412 916 assurt
437 845 663 926 circumdare,
686 847 960 936 circumcingere,
990 866 1080 913 amu
1110 841 1192 932 (dia-

140 953 216 1022 lecto
244 955 408 1045 Sahidica)
433 957 606 1038 claudere,
631 959 812 1039 obstmere,
836 957 941 1048 itaque
969 955 1137 1039 obsidere,
1162 971 1193 1024 et

140 1089 258 1145 cuano
298 1069 448 1149 ulss'ds'o,
481 1071 661 1149 conclusio,
682 1092 786 1136 omnes
812 1069 852 1136 ab
880 1067 988 1135 eadem
1005 1067 1117 1151 litera,
1150 1095 1191 1157 r,

136 1178 298 1270 incipiant.

176 1289 333 1382 Scyllarth
361 1293 422 1384 Op.
453 1295 507 1364 cit.
536 1317 607 1386 pag.
639 1299 713 1364 187.
742 1293 866 1360 scalam
892 1293 999 1360 Martis
1020 1293 1193 1382 symbolum

131 1416 243 1485 uocat,
267 1406 415 1495 quoniam
438 1405 584 1473 adhunc
607 1409 763 1498 planetam
787 1405 913 1471 obsidio
935 1405 1098 1496 pertineat.

562 1538 666 1586 curua
690 1539 780 1589 xxm.

173 1635 355 1716 Γράμματα
379 1632 461 1698 ‘e'moe
487 1635 521 1699 ἐν
549 1632 616 1730 duel
645 1629 817 1718 dussellum]
872 1631 920 1698 Ita
944 1629 1040 1698 Mero.
1062 1631 1129 1720 jam
1147 1631 1192 1696 le·

130 1739 269 1830 gendum
303 1744 436 1832 conjecit
464 1765 522 1834 pro
553 1765 611 1823 eo,
645 1741 729 1833 quod
757 1755 803 1809 est
836 1742 869 1808 in
898 1740 971 1811 dld.
1000 1750 1193 1828 Πρὰγματα,

127 1873 265 1944 eamque
293 1853 460 1921 lectionem
481 1853 648 1921 (lodicibus
667 1853 828 1946 plurimis,
855 1855 1025 1935 Vaticano,
1050 1865 1085 1920 ut
1103 1851 1195 1920 docet
1304 1911 1308 1926 .

127 1963 253 2050 Pierius
280 1963 440 2058 Hierogl.
471 1965 600 2036 XLVII.
625 1991 694 2058 cap.
715 1972 777 2050 25,
803 1980 834 2034 et
853 1967 1073 2035 Parisiensibus
1092 1965 1132 2035 d.
1154 1967 1193 2035 B.

129 2077 374 2159 confirmatam,
398 2077 433 2143 in
456 2099 511 2144 suo
530 2099 653 2168 quoque
678 2078 785 2144 codice
803 2079 951 2145 invenisse
972 2079 1095 2145 videtur
1114 2080 1195 2147 Tre-

129 2191 254 2273 batius,
281 2202 417 2259 vertens:
448 2187 579 2282 Septem
605 2193 760 2256 elementa
779 2193 816 2254 in
833 2191 953 2257 duobus
971 2192 1097 2284 digitis
1114 2217 1194 2259 con-
1242 2266 1245 2274 ,

129 2313 236 2376 terete.
283 2303 332 2372 ne
350 2305 446 2372 Psuw
465 2327 522 2394 pro
542 2303 717 2386 δακτύλοις,
740 2303 843 2394 legens
865 2304 1062 2386 dusruilors,
1079 2304 1194 2370 iutelli-

127 2415 177 2507 'git
205 2429 324 2507 septem
352 2417 456 2483 literas
483 2417 602 2482 annulis
630 2415 761 2482 inclusas
789 2415 832 2482 ita
860 2415 1035 2497 adornatis,
1059 2429 1095 2482 ut
1117 2417 1194 2482 alter
1320 2471 1327 2486 ,

129 2549 190 2618 per
218 2527 350 2593 alterum
379 2527 490 2593 ductus
516 2526 611 2591 fuerit
639 2527 672 2590 in
698 2526 826 2592 modum
845 2526 1012 2615 sphaerae,
1037 2528 1195 2593 inlinitum

131 2635 312 2706 indicantis.
369 2635 432 2704 Sed
463 2637 573 2726 majori
604 2635 700 2700 etiam
731 2637 796 2701 reri
825 2635 1028 2702 similitudine
1057 2637 1114 2702 uir
1144 2637 1192 2706 Ol.

129 2749 300 2830 Reurens,
319 2771 377 2840 pro
397 2754 430 2818 lc
455 2751 522 2817 duel
545 2748 720 2830 durni-osc,
743 2747 957 2840 corrigendum
976 2747 1055 2814 mihi
1074 2747 1194 2816 indica·

129 2861 195 2932 rit:
231 2865 315 2938 ἐντὸς
347 2861 521 2929 δακτυλίου.
575 2859 708 2927 Videtur,
734 2861 816 2928 enim
841 2862 972 2953 scriptor
995 2875 1067 2929 ante
1091 2863 1193 2932 oculos

130 2973 277 3042 habuisse
296 2963 443 3041 cundum
462 2971 628 3066 quemdam
648 2975 840 3045 Gnosticum.
874 2977 922 3044 Ita
936 2977 968 3042 in
984 2977 1055 3066 pala
1071 2977 1192 3057 annuli,

131 3093 222 3182 cujus
240 3085 434 3180 ,conficiendi
461 3088 540 3156 ratio
569 3087 754 3156 describitur
778 3088 810 3154 in
828 3111 946 3180 papyro
964 3089 1063 3156 Musei
1082 3087 1192 3180 Lugd-

116 3203 206 3286 Bat.
225 3204 274 3270 n⁰.
288 3197 348 3270 75.
370 3223 525 3292 quemque
544 3201 704 3268 citavimus
721 3201 754 3266 in
775 3199 846 3270 adn.
866 3215 968 3269 nostra
988 3201 1027 3269 ad
1047 3225 1116 3292 eap;
1137 3205 1190 3270 14.
1322 3195 1330 3214 '

131 3313 226 3406 hujus
243 3311 336 3394 libri,
353 3335 425 3403 pag.
446 3317 521 3382 312.
541 3311 908 3404 inscribendumquoque
927 3305 1041 3380 dicitur
1059 3335 1189 3382 nomen:

132 3427 290 3520 ἀβρασαξ,
316 3431 368 3492 scri
390 3431 498 3492 ὄπισθε
519 3434 573 3509 τῆς
596 3427 712 3509 γλυφῆς·
733 3439 785 3493 τοῦ
799 3427 890 3494 λίθον
907 3431 941 3492 τὸ
955 3429 1029 3492 αὐτὸ
1042 3423 1190 3512 ἅβρασαξ,
1290 3403 1296 3416 ’

133 3567 164 3608 ss.
178 3539 250 3607 cl«
274 3535 357 3603 unde
375 3535 485 3627 aliquis
503 3537 668 3627 conjecerit
685 3538 798 3603 literis
816 3539 890 3604 illis
907 3545 1044 3626 septem,
1061 3535 1192 3625 intelligi

135 3653 234 3744 ipsam
260 3669 367 3717 rocem
386 3651 538 3738 ἂβρασαξ,
556 3651 605 3717 rel
622 3652 774 3739 ἀβραξας,
796 3649 873 3740 nisi,
898 3671 933 3716 er
954 3649 992 3714 iis
1010 3669 1089 3738 quae
1107 3647 1191 3738 apud

136 3761 369 3853 liorapallinem
396 3773 586 3850 sequuntur,
611 3759 650 3826 de
672 3761 838 3838 vocalibus
855 3759 959 3850 potius
976 3757 1029 3836 hic
1048 3761 1190 3850 cogitan-

114 3873 211 3944 ·dum
239 3897 303 3942 esse
331 3871 498 3941 rideretur.
553 3873 633 3940 Nam
659 3873 717 3940 lrae
745 3896 868 3964 quoque
896 3887 1013 3972 septem
1039 3897 1187 3946 numero:

136 3991 184 4055 A.
207 3995 248 4060 E.
267 3993 311 4055 H.
334 3997 363 4056 I.
387 3993 422 4055 0.
446 3991 482 4055 Τ.
507 3999 538 4054 et
560 3993 598 4056 Ω.
627 3997 749 4078 magnas
773 3999 874 4079 partes
894 4001 1022 4078 egerunt
1040 3989 1072 4055 in
1092 3989 1188 4057 Gnos-
