2840 4644
263 205 570 332 uouuomsts
594 255 791 328 monost.
836 259 878 330 11.
905 265 958 332 οι..
985 265 1038 330 25.
1117 265 1178 330 321

130 458 246 546 πληγῆς
263 455 326 532 τῶν
345 467 445 552 ἔχεων.
475 463 596 532 delion.
614 463 654 528 de
667 460 877 532 Neokleion.
888 463 928 531 V.
948 467 1001 532 16.
1015 467 1093 534 ὃταν
1105 473 1180 532 θεά-

127 595 238 640 oomus
271 577 324 664 [se.
353 575 474 665 vespae]
508 582 617 663 νεκρὰν
644 579 786 664 ἔχιδναν,
819 565 877 642 oi'd’
913 579 1092 654 ἐμπίπτουσι
1124 582 1182 644 sul

128 695 329 774 φαρμάττονοι
349 693 385 755 τὸ
405 689 541 774 κέντρον.
574 687 658 756 ldd.
679 687 736 755 IX.
760 691 812 754 15.
848 684 965 750 Plinius
982 685 1077 756 Ilios.
1096 689 1178 758 Nat.
1217 755 1220 764 ,

125 794 261 879 ΧΙ.’53,
282 801 365 869 fine:
402 823 424 864 >s
436 821 544 889 vespae
565 815 705 890 serpente
723 799 812 866 avide
829 809 1014 878 vescuntur,
1039 823 1101 889 quo
1117 803 1178 868 oli-

125 912 458 980 ›smento-mortiferos
480 912 560 979 iotus
582 913 739 980 iaciunt.”
870 933 874 940 ·

387 1073 391 1080 ·
415 1182 418 1190 Ι
547 1113 651 1164 CAPUT
675 1113 752 1162 XXV·

147 1251 360 1336 ,Νυκτηὸροξ
375 1247 538 1336 θάνατον]
588 1249 717 1316 Noctua
744 1250 920 1339 saepissime
947 1253 980 1317 in
1003 1253 1180 1343 inscriptio·

118 1356 211 1426 uibus
237 1359 480 1451 hieroglyphiois
507 1361 667 1452 pingitur,
691 1361 744 1430 sed
773 1377 847 1428 tuno
875 1357 1058 1452 potestatem
1084 1367 1181 1434 hebet

118 1468 228 1538 literne
251 1499 294 1562 υς
315 1482 452 1540 mortem
479 1494 552 1540 sero
580 1497 637 1563 per
665 1497 734 1541 enm
757 1499 845 1542 avem
863 1475 1046 1542 iudionriin
1064 1501 1179 1546 monu-

118 1585 229 1652 mentis
249 1587 470 1677 Aegyptiacis,
493 1606 555 1654 non
579 1586 693 1670 oredo;
720 1608 799 1677 queo
824 1587 1008 1678 significatio
1026 1593 1181 1679 posterio-

115 1694 201 1764 ribus
228 1697 358 1764 demum
385 1699 600 1789 temporibus,
625 1713 656 1766 et
677 1701 717 1766 ab
735 1699 860 1766 homine
879 1699 1089 1768 Romanorum
1108 1703 1182 1768 reli-
1295 1693 1299 1702 ’

113 1806 203 1894 gione
221 1811 351 1878 imbuto
369 1812 400 1876 ei
419 1811 517 1877 tribui
534 1813 669 1902 potuisse
687 1811 819 1882 videtur.
860 1813 992 1880 Romani
1008 1793 1182 1882 enim-noo-

115 1929 199 2008 tunm
218 1923 393 1990 censebunt
410 1923 491 1989 iuter
509 1947 578 1990 eves
597 1925 800 2014 inauspicatis
823 1925 879 2012 (of.
900 1925 1021 1994 dolien.
1041 1927 1180 1996 deitas.

117 2032 230 2106 Anien
255 2035 295 2104 X.
318 2034 408 2122 37.);
435 2037 562 2125 ejusque
590 2037 751 2126 opinionis,
772 2038 867 2103 etiem
894 2059 978 2104 nune
1000 2037 1084 2129 opud
1103 2063 1181 2107 non·

117 2147 215 2215 nullos
231 2146 377 2216 homines
395 2148 522 2238 vestigia
541 2162 712 2238 supersunt.
753 2146 804 2216 cf.
826 2147 874 2216 (il.
889 2149 1030 2216 Reusens
1043 2151 1179 2243 indpp.
1292 2159 1301 2166 ’

117 2260 167 2325 od
180 2261 399 2328 letromtium
421 2261 481 2351 up.
506 2259 550 2328 ll.
575 2283 646 2351 pag.
674 2265 738 2343 18,
763 2281 850 2350 seqq.
1175 2257 1176 2260 '

131 2427 135 2434 .
161 2378 253 2455 ἄφνω
280 2379 339 2458 ydp
367 2375 524 2458 ἐπέρχεται
550 2384 613 2450 τοῖς
641 2381 771 2448 νεοσσοῖς
799 2383 862 2441 τῶν
889 2373 1045 2461 sopiendis]
1101 2377 1181 2442 Leo·

118 2482 255 2554 tionem:
281 2494 345 2560 sois
366 2492 496 2558 νεοσσοῖς
517 2489 580 2552 τῶν
602 2491 759 2570 soporos,
783 2485 823 2549 eb
841 2481 1026 2550 lloesnhelio
1045 2507 1080 2549 ex
1101 2486 1180 2558 God.

120 2595 204 2684 tog.
234 2594 395 2674 sdditons,
428 2605 461 2659 et
490 2617 509 2657 e
536 2593 639 2660 Pierio
667 2595 700 2658 in
719 2594 780 2659 ulio
799 2615 923 2682 quoque
942 2593 1051 2658 codiee
1068 2596 1182 2662 inven-

118 2717 185 2772 tom
210 2705 273 2794 =(oi.
302 2706 367 2793 ejus
393 2703 549 2795 Hierogl.
581 2704 653 2772 Lib.
672 2703 745 2773 XX.
770 2725 839 2794 esp.
863 2707 930 2792 19.)
960 2705 1182 2776 confirmarunt
1248 2765 1251 2772 .

120 2815 225 2887 codd.
254 2817 427 2896 Perissll,
451 2805 489 2886 li.
537 2816 586 2883 lie
603 2817 696 2882 Pnuw
716 2817 881 2908 legendum
906 2817 1091 2908 suspicetur:
1116 2825 1182 2890 τῶν

121 2931 317 3020 pippinum,
338 2930 378 2996 ob
392 2930 495 2996 locum
511 2929 677 3023 praeeipue
694 2929 788 2997 Plinii
802 2931 843 2996 do
858 2929 952 3000 Hist.
969 2931 1048 3000 Nat.
1066 2933 1106 3002 Χ.
1125 2939 1181 3005 74.

120 3041 268 3112 dioentis:
305 3041 485 3109 »dissident
513 3041 611 3108 olores
638 3054 669 3108 et
697 3043 836 3132 equilee,
860 3065 968 3110 corsus
991 3058 1022 3111 et
1039 3043 1179 3128 chlorio,

121 3167 249 3224 »unuln
276 3155 409 3222 invinent
438 3177 494 3221 oso
521 3155 775 3244 exquirentes*
798 3155 854 3223 ubi
880 3177 1007 3222 norsum
1036 3157 1182 3248 intelligit

119 3282 322 3338 noefflmum.
345 3265 593 3335 Sedmutntione
607 3289 669 3334 non
685 3291 761 3358 opus
779 3268 919 3348 videtur,
937 3291 1034 3358 quum
1051 3269 1181 3341 Aristot.

122 3381 162 3450 de
181 3378 487 3450 Hist.Aotm.1x.
509 3403 578 3470 eep.
601 3383 632 3448 1.
653 3403 724 3470 pag.
747 3385 822 3448 411.
844 3383 882 3448 l.
903 3379 941 3449 Β.
960 3395 1082 3461 narret,
1107 3403 1183 3446 noe-

123 3507 210 3562 uon
237 3506 269 3560 ot
296 3493 452 3560 eomioem
479 3495 559 3560 iuter
578 3515 617 3558 se
629 3491 801 3574 dissidere,
824 3491 905 3560 hono
924 3494 1006 3558 enim
1026 3493 1108 3558 illius
1126 3515 1184 3559 oso

124 3603 280 3684 interdiu,
313 3605 398 3668 illam
424 3625 496 3670 vero
521 3618 616 3670 nootu
643 3605 773 3671 eorniois
804 3603 986 3684 comedere,
1016 3605 1084 3670 sisu
1114 3618 1182 3673 tum

123 3739 185 3786 uon
212 3715 290 3782 odeo
318 3716 472 3797 selentis;¹
495 3717 544 3784 eff.
571 3730 602 3782 et
622 3717 743 3785 llelian.
764 3716 804 3781 de
821 3717 901 3785 Not.
923 3716 1034 3785 duim.
1055 3715 1117 3787 111.
1139 3724 1178 3800 9,
1231 3779 1235 3786 .

125 3827 163 3898 V.
195 3834 248 3897 te.
292 3827 438 3918 Antigon.
475 3825 593 3917 Geryst.
626 3850 694 3919 oap.
726 3831 781 3896 62.
820 3827 909 3894 Phile
941 3827 1046 3900 Germ.
1078 3831 1180 3903 XXX.

125 3962 168 4010 ss.
188 3947 243 4012 38.
262 3953 294 4008 et
312 3939 429 4008 Plinius
449 3939 559 4006 eodem
579 3941 632 4008 illo
652 3963 719 4028 nup.
741 3945 794 4008 74.

1049 4059 1091 4121 28
